3052 5036
1228 441 1269 506 23

149 614 323 694 Menippum
345 645 390 675 -.
410 617 497 676 vivus
527 615 604 676 enim
635 615 787 677 inducitur
815 621 844 678 et
875 617 905 676 in
933 617 1156 693 Necyomantca
1183 619 1213 675 et
1239 616 1270 676 in

147 718 376 796 lcaromeuippo
397 749 440 758 -
462 719 615 780 Lucienus
638 719 754 795 priscos
776 719 980 797 philosophos,
1002 719 1094 779 veluti
1109 715 1271 794 Socratem,

148 821 318 892 Platonem,
341 821 548 898 Aristotelem,
571 821 790 899 Pythagoram,
812 822 1044 898 Xenophanem,
1067 820 1269 880 Democritum

148 942 338 1000 nequaquam
369 924 541 984 nominatim
568 923 744 984 illudentem
773 923 860 1001 iacit,
887 923 1040 984 Lucianus
1072 927 1177 984 eontra
1204 923 1269 998 ipse

147 1025 230 1086 haud
260 1026 351 1086 semel
382 1026 448 1086 illos
474 1024 653 1087 ludificatur.
697 1026 780 1101 Quae
811 1044 878 1086 cum
907 1027 949 1086 ita
975 1027 1034 1086 sint
1063 1025 1175 1103 optimo
1205 1024 1270 1084 iure

147 1131 314 1188 statuemus
336 1129 510 1206 Menippum
543 1130 644 1188 vivum
674 1147 771 1205 neque
792 1128 895 1190 verbis
918 1147 1016 1206 neque
1038 1128 1156 1204 scriptis
1179 1127 1270 1188 nomi-

148 1230 239 1290 natim
256 1249 387 1307 unquam
409 1232 439 1290 in
460 1231 577 1309 priseos
600 1231 668 1292 iilos
690 1231 893 1310 philosophos,
915 1230 967 1291 sed
989 1230 1019 1290 in
1035 1229 1176 1308 aequales
1191 1229 1270 1290 solos

146 1333 191 1394 ita
211 1334 360 1394 invectum
383 1351 457 1405 esse,
480 1338 512 1394 ut
534 1334 721 1410 singulorum
738 1333 866 1396 ridicula
881 1334 989 1411 placita
1005 1336 1035 1393 ct
1051 1333 1270 1410 metaphysieas

145 1435 324 1496 subtilitates
347 1439 405 1496 tam
428 1454 527 1498 secum
550 1436 624 1512 ipsis
648 1454 738 1513 quam
754 1454 822 1496 cum
840 1437 920 1496 omni
935 1434 1150 1514 probabilitatis
1169 1435 1270 1511 specie

146 1541 318 1614 pugnantes
340 1537 465 1598 luderet.
510 1539 662 1599 Lucienus
685 1536 806 1615 quidem
821 1557 885 1598 sam
902 1539 940 1598 ob
957 1555 1079 1598 eausam
1095 1536 1268 1614 Menippum

144 1639 304 1700 insultasse
326 1641 355 1700 in
379 1641 520 1716 aequales
541 1640 735 1718 philosophos
757 1640 837 1714 dicit,
859 1641 941 1718 quod
964 1640 1081 1702 rixandi
1102 1639 1180 1700 iuter
1203 1657 1270 1700 sese

145 1741 310 1820 cupiditate
332 1743 496 1820 flagrarent
511 1742 735 1827 dialecticisque
757 1744 884 1820 argutiis
906 1743 944 1803 ad
968 1743 1082 1804 animos
1104 1742 1270 1820 captandos

146 1847 311 1905 uterentur.
356 1844 457 1922 Atque
481 1847 556 1906 haee
578 1845 616 1906 de
637 1845 883 1924 philosophorum
906 1845 1117 1908 ludificatione.

232 1947 357 2008 Praeter
379 1948 574 2025 philosophos
596 1952 697 2010 autem
720 1950 895 2027 Menippum
916 1949 1004 2008 etiam
1028 1947 1201 2024 religionem
1218 1966 1269 2024 po-

145 2049 282 2128 pularem
304 2049 476 2110 cavillatum
499 2069 565 2110 esre
588 2070 626 2111 ex
651 2069 687 2111 eo
712 2051 788 2112 libre
811 2052 926 2112 conicio
948 2051 1001 2127 qni
1021 2049 1185 2127 inscriptus
1207 2052 1271 2110 erat

144 2135 331 2210 Manneotai
358 2146 628 2230 κεκομψευμέναι
660 2135 726 2213 ἀπὸ
753 2148 816 2212 τοῦ
844 2148 918 2212 τῶν
947 2149 1041 2212 θεῶν
1071 2136 1268 2232 προσώπου.

145 2254 247 2331 Atque
276 2254 307 2315 in
336 2255 394 2316 hoo
426 2273 547 2335 quoque
577 2274 688 2334 genere
720 2254 881 2318 cavillandi
910 2257 1063 2317 Lucienus
1092 2255 1268 2315 imitandum

145 2375 215 2418 eum
244 2356 298 2418 sibi
326 2357 497 2436 proposuit:
525 2357 645 2419 induxit
673 2363 774 2418 autem
803 2376 870 2418 eum
901 2359 997 2418 miuus
1023 2357 1072 2416 vel
1093 2357 1188 2417 rarius
1211 2356 1269 2416 diis

144 2458 219 2536 ipsis
249 2477 338 2536 quam
366 2457 513 2522 fabulosis
548 2460 610 2522 illis
640 2459 829 2538 opinionibus
860 2460 964 2538 quales
994 2480 1013 2520 a
1041 2458 1202 2522 maioribus
1231 2459 1269 2520 de

145 2559 303 2639 heroibus,
329 2561 465 2638 vatibus,
494 2563 761 2641 metempsychosi,
791 2562 882 2624 rebus
904 2561 1024 2634 inieris,
1055 2563 1119 2622 aliis
1142 2560 1269 2622 traditae

147 2667 240 2734 eraut,
263 2663 446 2725 illudentem.
490 2665 531 2725 Ut
553 2665 705 2724 Lucianus
733 2666 763 2724 in
787 2665 929 2742 Epistolie
952 2665 1086 2728 (ironicis
1108 2663 1269 2724 Saturnum

145 2766 328 2842 potissimum
367 2765 515 2850 traducit,
549 2767 590 2826 ita
619 2768 779 2845 Menippus
809 2768 907 2828 lovem
938 2771 1059 2845 praeter
1089 2771 1205 2828 ceteros
1238 2767 1268 2826 in

146 2867 374 2947 lcaromenippo
406 2868 521 2929 irridet.
571 2869 708 2947 Inprimis
737 2873 837 2930 autem
864 2871 894 2930 in
918 2871 1003 2930 Mort
1026 2871 1162 2946 Dialogis
1186 2874 1217 2929 et
1238 2871 1269 2930 iu

145 2971 373 3046 Necyomantea
394 2971 565 3047 aequalium
587 2971 779 3049 ineptissimis
802 2973 959 3032 sententiis
981 2971 1111 3047 insultat,
1135 2990 1210 3050 quas
1233 2973 1271 3032 de

145 3071 236 3132 rebus
258 3072 363 3134 inieris
385 3073 441 3133 sibi
463 3073 627 3134 finxerant:
658 3073 735 3134 ludit
763 3074 804 3134 ibi
831 3075 960 3152 pretium
989 3075 1071 3152 quod
1094 3074 1270 3136 solvendum

144 3173 184 3234 sit
205 3193 260 3252 pro
284 3175 461 3236 Acherontis
484 3177 627 3252 traiectu,
648 3173 726 3236 ludit
747 3177 1038 3256 metempsychosin,
1060 3177 1136 3236 ludit
1158 3176 1269 3237 iudicia

145 3277 255 3337 Minois
287 3295 384 3354 neque
414 3277 511 3338 minus
542 3277 694 3339 invehitur
724 3279 754 3338 in
776 3279 1023 3356 Amphilochum,
1054 3278 1271 3355 Trophonium,

144 3379 323 3457 Tantalum,
355 3380 531 3458 Chironem,
563 3381 758 3458 charontem,
788 3381 938 3460 Aeaeum,
967 3382 1075 3442 multos
1104 3381 1185 3441 alios.
1230 3383 1268 3440 hit

146 3480 297 3559 proiecto:
320 3482 350 3541 in
373 3483 464 3542 rebus
487 3481 590 3542 inferis
611 3484 718 3560 quales
741 3486 857 3544 veteres
881 3484 935 3543 sibi
956 3484 1107 3544 linxerant
1120 3485 1271 3562 permulta

144 3583 235 3644 inisse
265 3602 342 3660 quac
374 3583 461 3644 facile
492 3583 655 3662 perstringi
685 3587 840 3661 potuerint
869 3605 956 3646 nemo
986 3586 1114 3663 negabit.
1165 3587 1270 3664 ltaque

144 3705 328 3764 quamquam
352 3687 434 3748 nullo
458 3687 628 3747 testimonio
651 3685 845 3750 confirmatur
875 3708 893 3748 a
916 3687 1056 3766 Menippo
1086 3706 1134 3748 res
1158 3685 1269 3748 inferas

143 3791 174 3848 iu
207 3789 354 3850 ludicrum
388 3809 512 3852 examen
544 3808 608 3850 esse
638 3794 770 3864 vocatas,
798 3795 897 3851 tamen
928 3791 992 3850 veri
1019 3791 1196 3852 simillimum
1226 3796 1271 3853 est

144 3891 225 3952 illum
249 3892 337 3951 etiam
360 3890 400 3952 ad
422 3891 479 3953 hec
501 3909 597 3968 genus
620 3890 783 3952 cavillandi
805 3910 870 3954 sese
893 3894 1085 3954 convertisse.

230 3993 369 4074 Denique
392 3993 545 4055 Luciauue
567 4011 715 4073 persaepe
743 3993 774 4055 in
804 3993 911 4057 divites
939 4000 1028 4073 atque
1050 3995 1203 4074 principes
1225 3993 1269 4056 in·

144 4097 244 4158 sultat
288 4095 369 4172 Quid
400 4097 490 4174 igitur
520 4097 625 4156 mirum
656 4097 680 4158 si
710 4097 799 4158 ctiam
821 4098 996 4176 Menippum
1025 4099 1120 4176 Cyro,
1150 4098 1270 4176 Croeso,

143 4197 246 4278 Xerxi,
268 4196 381 4275 Midae,
402 4195 607 4278 Sardanapalo
632 4196 713 4278 apud
737 4199 849 4261 inferos
871 4199 1035 4261 illudentes
1060 4199 1175 4260 inducit
1197 4219 1267 4261 eun·

144 4301 273 4379 demque
307 4319 374 4362 cnm
414 4320 451 4362 ex
481 4302 558 4365 Oreo
588 4302 627 4362 ad
656 4302 753 4364 lucem
783 4305 987 4364 reverteretur
1020 4301 1171 4362 Philonidi
1201 4320 1268 4362 nar·

145 4407 260 4466 tantem
290 4402 362 4465 iacit
390 4404 575 4483 pauperibus
605 4423 720 4484 poenas
750 4404 871 4467 dimidio
901 4405 1030 4465 minores
1058 4422 1147 4484 quam
1175 4404 1268 4483 malis,
