<?xml version="1.0" encoding="UTF-8"?>
<!DOCTYPE html PUBLIC "-//W3C//DTD XHTML 1.0 Transitional//EN"
    "http://www.w3.org/TR/xhtml1/DTD/xhtml1-transitional.dtd">
<html xmlns="http://www.w3.org/1999/xhtml" xml:lang="en" lang="en">
 <head>
  <title>
</title>
<meta http-equiv="Content-Type" content="text/html;charset=utf-8" />
  <meta name='ocr-system' content='tesseract 3.04.00' />
  <meta name='ocr-capabilities' content='ocr_page ocr_carea ocr_par ocr_line ocrx_word'/>
</head>
<body>
  <div class='ocr_page' id='page_1' title='image "./demenippocynico00wildgoog_0022.png"; bbox 0 0 3052 5036; ppageno 0'>
   <div class='ocr_carea' id='block_1_1' title="bbox 1208 392 1245 454">
    <p class='ocr_par' dir='ltr' id='par_1_1' title="bbox 1208 392 1245 454">
     <span class='ocr_line' id='line_1_1' title="bbox 1208 392 1245 454; baseline -0.027 0"><span class='ocrx_word' id='word_1_1' title='bbox 1208 392 1245 454; x_wconf 77' lang='lat'><strong>17</strong></span> 
     </span>
    </p>
   </div>
   <div class='ocr_carea' id='block_1_2' title="bbox 122 562 1255 2482">
    <p class='ocr_par' dir='ltr' id='par_1_2' title="bbox 122 562 1255 2482">
     <span class='ocr_line' id='line_1_2' title="bbox 126 562 1247 643; baseline -0.001 -17"><span class='ocrx_word' id='word_1_2' title='bbox 126 565 185 627; x_wconf 84' lang='lat' dir='ltr'><strong>Sed</strong></span> <span class='ocrx_word' id='word_1_3' title='bbox 208 583 268 626; x_wconf 89' lang='lat' dir='ltr'><strong>uon</strong></span> <span class='ocrx_word' id='word_1_4' title='bbox 292 567 329 628; x_wconf 87' lang='lat' dir='ltr'><strong>ob</strong></span> <span class='ocrx_word' id='word_1_5' title='bbox 348 566 495 636; x_wconf 85' lang='lat' dir='ltr'><strong>iacturam</strong></span> <span class='ocrx_word' id='word_1_6' title='bbox 518 565 705 643; x_wconf 87' lang='lat' dir='ltr'><strong>divitiarum,</strong></span> <span class='ocrx_word' id='word_1_7' title='bbox 732 562 786 624; x_wconf 90' lang='lat' dir='ltr'><strong>sed</strong></span> <span class='ocrx_word' id='word_1_8' title='bbox 809 565 847 624; x_wconf 93' lang='lat' dir='ltr'><strong>ob</strong></span> <span class='ocrx_word' id='word_1_9' title='bbox 869 563 1000 625; x_wconf 88' lang='lat' dir='ltr'><strong>taedium</strong></span> <span class='ocrx_word' id='word_1_10' title='bbox 1022 583 1122 626; x_wconf 89' lang='lat' dir='ltr'><strong>rernm</strong></span> <span class='ocrx_word' id='word_1_11' title='bbox 1145 566 1247 626; x_wconf 89' lang='lat' dir='ltr'><strong>huma-</strong></span> 
     </span>
     <span class='ocr_line' id='line_1_3' title="bbox 127 665 1247 744; baseline -0.002 -14"><span class='ocrx_word' id='word_1_12' title='bbox 127 686 233 730; x_wconf 87' lang='lat' dir='ltr'><strong>narum</strong></span> <span class='ocrx_word' id='word_1_13' title='bbox 256 686 375 728; x_wconf 92' lang='lat' dir='ltr'><strong>manum</strong></span> <span class='ocrx_word' id='word_1_14' title='bbox 397 668 453 730; x_wconf 89' lang='lat' dir='ltr'><strong>sibi</strong></span> <span class='ocrx_word' id='word_1_15' title='bbox 474 668 539 744; x_wconf 88' lang='lat' dir='ltr'><strong>ipse</strong></span> <span class='ocrx_word' id='word_1_16' title='bbox 562 668 669 728; x_wconf 87' lang='lat' dir='ltr'><strong>intulit</strong></span> <span class='ocrx_word' id='word_1_17' title='bbox 714 667 814 744; x_wconf 90' lang='lat' dir='ltr'><strong>Ipsum</strong></span> <span class='ocrx_word' id='word_1_18' title='bbox 837 669 934 726; x_wconf 88' lang='lat' dir='ltr'><strong>autem</strong></span> <span class='ocrx_word' id='word_1_19' title='bbox 958 665 1014 726; x_wconf 93' lang='lat' dir='ltr'><strong>sibi</strong></span> <span class='ocrx_word' id='word_1_20' title='bbox 1037 671 1161 728; x_wconf 88' lang='lat' dir='ltr'><strong>mortem</strong></span> <span class='ocrx_word' id='word_1_21' title='bbox 1177 687 1247 729; x_wconf 89' lang='lat' dir='ltr'><strong>con·</strong></span> 
     </span>
     <span class='ocr_line' id='line_1_4' title="bbox 127 769 1247 848; baseline -0.001 -17"><span class='ocrx_word' id='word_1_22' title='bbox 127 770 249 832; x_wconf 86' lang='lat' dir='ltr'><strong>scivisse</strong></span> <span class='ocrx_word' id='word_1_23' title='bbox 280 777 399 848; x_wconf 89' lang='lat' dir='ltr'><strong>praeter</strong></span> <span class='ocrx_word' id='word_1_24' title='bbox 421 771 587 848; x_wconf 79' lang='lat' dir='ltr'><strong>Diogenem</strong></span> <span class='ocrx_word' id='word_1_25' title='bbox 609 770 773 847; x_wconf 83' lang='lat' dir='ltr'><strong>Hermippo</strong></span> <span class='ocrx_word' id='word_1_26' title='bbox 804 773 928 829; x_wconf 87' lang='lat' dir='ltr'><strong>auctore</strong></span> <span class='ocrx_word' id='word_1_27' title='bbox 951 770 1038 830; x_wconf 92' lang='lat' dir='ltr'><strong>etiam</strong></span> <span class='ocrx_word' id='word_1_28' title='bbox 1061 771 1215 832; x_wconf 83' lang='lat' dir='ltr'><strong>Lucienus</strong></span> <span class='ocrx_word' id='word_1_29' title='bbox 1226 769 1247 842; x_wconf 90' lang='lat'><strong>¹)</strong></span> 
     </span>
     <span class='ocr_line' id='line_1_5' title="bbox 126 862 1248 952; baseline -0.002 -18"><span class='ocrx_word' id='word_1_30' title='bbox 126 873 234 945; x_wconf 79' lang='lat' dir='ltr'><strong>refert,</strong></span> <span class='ocrx_word' id='word_1_31' title='bbox 266 875 316 952; x_wconf 91' lang='lat' dir='ltr'><strong>qni</strong></span> <span class='ocrx_word' id='word_1_32' title='bbox 348 873 423 934; x_wconf 90' lang='lat' dir='ltr'><strong>haec</strong></span> <span class='ocrx_word' id='word_1_33' title='bbox 452 873 542 934; x_wconf 88' lang='lat' dir='ltr'><strong>verba</strong></span> <span class='ocrx_word' id='word_1_34' title='bbox 564 873 736 951; x_wconf 84' lang='lat' dir='ltr'><strong>Menippum</strong></span> <span class='ocrx_word' id='word_1_35' title='bbox 758 870 917 932; x_wconf 83' lang='lat' dir='ltr'><strong>lanicutem</strong></span> <span class='ocrx_word' id='word_1_36' title='bbox 939 871 1071 934; x_wconf 78' lang='lat' dir='ltr'><strong>inducit:</strong></span> <span class='ocrx_word' id='word_1_37' title='bbox 1105 862 1248 932; x_wconf 75' lang='grc' dir='ltr'><strong><em>ἔσπευσα</em></strong></span> 
     </span>
     <span class='ocr_line' id='line_1_6' title="bbox 127 961 1249 1054; baseline 0.002 -20"><span class='ocrx_word' id='word_1_38' title='bbox 127 967 184 1034; x_wconf 78' lang='grc' dir='ltr'><strong>ἐπὶ</strong></span> <span class='ocrx_word' id='word_1_39' title='bbox 206 961 361 1035; x_wconf 85' lang='grc' dir='ltr'><strong><em>θάνατον</em></strong></span> <span class='ocrx_word' id='word_1_40' title='bbox 383 969 589 1046; x_wconf 81' lang='grc' dir='ltr'><strong><em>καλέσαντος</em></strong></span> <span class='ocrx_word' id='word_1_41' title='bbox 610 965 763 1054; x_wconf 79' lang='grc' dir='ltr'><strong><em>μηθενός;</em></strong></span> <span class='ocrx_word' id='word_1_42' title='bbox 787 980 878 1051; x_wconf 89' lang='lat' dir='ltr'><strong>atque</strong></span> <span class='ocrx_word' id='word_1_43' title='bbox 900 975 958 1035; x_wconf 90' lang='lat' dir='ltr'><strong>alio</strong></span> <span class='ocrx_word' id='word_1_44' title='bbox 981 973 1083 1048; x_wconf 62' lang='lat' dir='ltr'><strong>rocol)</strong></span> <span class='ocrx_word' id='word_1_45' title='bbox 1100 975 1249 1037; x_wconf 78' lang='lat' dir='ltr'><strong>Cerberus</strong></span> 
     </span>
     <span class='ocr_line' id='line_1_7' title="bbox 127 1077 1249 1156; baseline 0 -18"><span class='ocrx_word' id='word_1_46' title='bbox 127 1079 300 1156; x_wconf 87' lang='lat' dir='ltr'><strong>Menippum</strong></span> <span class='ocrx_word' id='word_1_47' title='bbox 323 1083 353 1138; x_wconf 92' lang='lat' dir='ltr'><strong>et</strong></span> <span class='ocrx_word' id='word_1_48' title='bbox 370 1079 536 1156; x_wconf 86' lang='lat' dir='ltr'><strong>Diogenem</strong></span> <span class='ocrx_word' id='word_1_49' title='bbox 558 1079 638 1138; x_wconf 92' lang='lat' dir='ltr'><strong>solos</strong></span> <span class='ocrx_word' id='word_1_50' title='bbox 661 1077 791 1138; x_wconf 81' lang='lat' dir='ltr'><strong>affirmat</strong></span> <span class='ocrx_word' id='word_1_51' title='bbox 805 1095 915 1154; x_wconf 90' lang='lat' dir='ltr'><strong>genere</strong></span> <span class='ocrx_word' id='word_1_52' title='bbox 933 1077 1041 1156; x_wconf 90' lang='lat' dir='ltr'><strong>dignos</strong></span> <span class='ocrx_word' id='word_1_53' title='bbox 1056 1077 1249 1138; x_wconf 79' lang='lat' dir='ltr'><strong>descendisse</strong></span> 
     </span>
     <span class='ocr_line' id='line_1_8' title="bbox 127 1163 1249 1260; baseline -0.002 -20"><span class='ocrx_word' id='word_1_54' title='bbox 127 1179 168 1240; x_wconf 91' lang='lat' dir='ltr'><strong>ad</strong></span> <span class='ocrx_word' id='word_1_55' title='bbox 190 1180 302 1240; x_wconf 88' lang='lat' dir='ltr'><strong>inferos</strong></span> <span class='ocrx_word' id='word_1_56' title='bbox 329 1169 373 1260; x_wconf 79' lang='grc' dir='ltr'><strong>μή</strong></span> <span class='ocrx_word' id='word_1_57' title='bbox 399 1163 690 1259; x_wconf 76' lang='grc' dir='ltr'><em>ἀναγκαζομένους</em></span> <span class='ocrx_word' id='word_1_58' title='bbox 717 1164 793 1258; x_wconf 71' lang='grc' dir='ltr'><strong>μηδ’</strong></span> <span class='ocrx_word' id='word_1_59' title='bbox 817 1163 1051 1259; x_wconf 73' lang='grc' dir='ltr'><strong><em>ὠθουμένους,</em></strong></span> <span class='ocrx_word' id='word_1_60' title='bbox 1081 1163 1153 1238; x_wconf 79' lang='grc' dir='ltr'><strong><em>ἀλλ’</em></strong></span> <span class='ocrx_word' id='word_1_61' title='bbox 1176 1170 1249 1238; x_wconf 70' lang='grc' dir='ltr'><strong><em>ἐθε-</em></strong></span> 
     </span>
     <span class='ocr_line' id='line_1_9' title="bbox 129 1276 1251 1360; baseline 0.002 -20"><span class='ocrx_word' id='word_1_62' title='bbox 129 1276 296 1353; x_wconf 87' lang='grc' dir='ltr'><strong><em>λουσίους.</em></strong></span> <span class='ocrx_word' id='word_1_63' title='bbox 326 1283 422 1342; x_wconf 86' lang='lat' dir='ltr'><strong>Aliam</strong></span> <span class='ocrx_word' id='word_1_64' title='bbox 438 1284 640 1344; x_wconf 75' lang='lat' dir='ltr'><strong>narrationem</strong></span> <span class='ocrx_word' id='word_1_65' title='bbox 655 1282 693 1342; x_wconf 90' lang='lat' dir='ltr'><strong>de</strong></span> <span class='ocrx_word' id='word_1_66' title='bbox 709 1283 843 1360; x_wconf 90' lang='lat' dir='ltr'><strong>Menippi</strong></span> <span class='ocrx_word' id='word_1_67' title='bbox 859 1287 951 1342; x_wconf 86' lang='lat' dir='ltr'><strong>morte</strong></span> <span class='ocrx_word' id='word_1_68' title='bbox 967 1281 1094 1360; x_wconf 89' lang='lat' dir='ltr'><strong>legimus</strong></span> <span class='ocrx_word' id='word_1_69' title='bbox 1114 1283 1145 1342; x_wconf 91' lang='lat' dir='ltr'><strong>in</strong></span> <span class='ocrx_word' id='word_1_70' title='bbox 1160 1282 1251 1343; x_wconf 92' lang='lat' dir='ltr'><strong>schol.</strong></span> 
     </span>
     <span class='ocr_line' id='line_1_10' title="bbox 128 1384 1251 1463; baseline -0.001 -18"><span class='ocrx_word' id='word_1_71' title='bbox 128 1384 167 1445; x_wconf 89' lang='lat' dir='ltr'><strong>ad</strong></span> <span class='ocrx_word' id='word_1_72' title='bbox 190 1385 264 1446; x_wconf 91' lang='lat' dir='ltr'><strong>Lne.</strong></span> <span class='ocrx_word' id='word_1_73' title='bbox 285 1386 362 1446; x_wconf 88' lang='lat' dir='ltr'><strong>Dial.</strong></span> <span class='ocrx_word' id='word_1_74' title='bbox 384 1386 473 1447; x_wconf 83' lang='lat' dir='ltr'><strong>Mori.</strong></span> <span class='ocrx_word' id='word_1_75' title='bbox 496 1390 522 1462; x_wconf 85' lang='lat'><strong>1,</strong></span> <span class='ocrx_word' id='word_1_76' title='bbox 540 1389 567 1446; x_wconf 91' lang='lat'><strong>1.</strong></span> <span class='ocrx_word' id='word_1_77' title='bbox 610 1385 655 1445; x_wconf 89' lang='lat' dir='ltr'><strong>Ibi</strong></span> <span class='ocrx_word' id='word_1_78' title='bbox 678 1385 755 1447; x_wconf 89' lang='lat' dir='ltr'><strong>enim</strong></span> <span class='ocrx_word' id='word_1_79' title='bbox 778 1389 937 1463; x_wconf 85' lang='lat' dir='ltr'><strong>postquam</strong></span> <span class='ocrx_word' id='word_1_80' title='bbox 961 1385 1113 1446; x_wconf 89' lang='lat' dir='ltr'><strong>Luciauus</strong></span> <span class='ocrx_word' id='word_1_81' title='bbox 1134 1385 1251 1446; x_wconf 87' lang='lat' dir='ltr'><strong>Polluci</strong></span> 
     </span>
     <span class='ocr_line' id='line_1_11' title="bbox 128 1486 1253 1565; baseline 0.001 -18"><span class='ocrx_word' id='word_1_82' title='bbox 128 1486 169 1548; x_wconf 90' lang='lat' dir='ltr'><strong>ad</strong></span> <span class='ocrx_word' id='word_1_83' title='bbox 198 1504 324 1565; x_wconf 90' lang='lat' dir='ltr'><strong>superos</strong></span> <span class='ocrx_word' id='word_1_84' title='bbox 354 1489 519 1549; x_wconf 89' lang='lat' dir='ltr'><strong>revertenti</strong></span> <span class='ocrx_word' id='word_1_85' title='bbox 551 1507 618 1547; x_wconf 92' lang='lat' dir='ltr'><strong>eum</strong></span> <span class='ocrx_word' id='word_1_86' title='bbox 641 1488 701 1548; x_wconf 89' lang='lat' dir='ltr'><strong>alia</strong></span> <span class='ocrx_word' id='word_1_87' title='bbox 730 1491 792 1547; x_wconf 92' lang='lat' dir='ltr'><strong>tum</strong></span> <span class='ocrx_word' id='word_1_88' title='bbox 816 1488 891 1548; x_wconf 86' lang='lat' dir='ltr'><strong>haec</strong></span> <span class='ocrx_word' id='word_1_89' title='bbox 913 1488 1103 1549; x_wconf 88' lang='lat' dir='ltr'><strong>mandantem</strong></span> <span class='ocrx_word' id='word_1_90' title='bbox 1126 1487 1197 1549; x_wconf 83' lang='lat' dir='ltr'><strong>iecit</strong></span> <span class='ocrx_word' id='word_1_91' title='bbox 1219 1492 1253 1548; x_wconf 91' lang='lat' dir='ltr'><strong>ut</strong></span> 
     </span>
     <span class='ocr_line' id='line_1_12' title="bbox 128 1578 1252 1669; baseline -0.001 -20"><span class='ocrx_word' id='word_1_92' title='bbox 128 1589 312 1667; x_wconf 87' lang='lat' dir='ltr'><strong>Menippum,</strong></span> <span class='ocrx_word' id='word_1_93' title='bbox 335 1590 360 1649; x_wconf 89' lang='lat' dir='ltr'><strong>si</strong></span> <span class='ocrx_word' id='word_1_94' title='bbox 383 1589 421 1649; x_wconf 91' lang='lat' dir='ltr'><strong>ad</strong></span> <span class='ocrx_word' id='word_1_95' title='bbox 435 1589 549 1650; x_wconf 81' lang='lat' dir='ltr'><strong>inferos</strong></span> <span class='ocrx_word' id='word_1_96' title='bbox 565 1588 771 1665; x_wconf 75' lang='lat' dir='ltr'><strong>descenderet,</strong></span> <span class='ocrx_word' id='word_1_97' title='bbox 794 1578 1048 1668; x_wconf 76' lang='grc' dir='ltr'><strong><em>ἐμπλησάμενον</em></strong></span> <span class='ocrx_word' id='word_1_98' title='bbox 1063 1579 1125 1669; x_wconf 80' lang='grc' dir='ltr'><strong>τὴν</strong></span> <span class='ocrx_word' id='word_1_99' title='bbox 1139 1578 1252 1669; x_wconf 80' lang='grc' dir='ltr'><strong><em>πήραν</em></strong></span> 
     </span>
     <span class='ocr_line' id='line_1_13' title="bbox 127 1675 1253 1772; baseline 0.001 -23"><span class='ocrx_word' id='word_1_100' title='bbox 127 1675 225 1772; x_wconf 81' lang='grc' dir='ltr'><strong><em>ἥκειν</em></strong></span> <span class='ocrx_word' id='word_1_101' title='bbox 248 1685 386 1770; x_wconf 81' lang='grc' dir='ltr'><strong><em>θέρμων</em></strong></span> <span class='ocrx_word' id='word_1_102' title='bbox 409 1707 444 1749; x_wconf 86' lang='grc' dir='ltr'><strong>τε</strong></span> <span class='ocrx_word' id='word_1_103' title='bbox 467 1685 610 1750; x_wconf 82' lang='grc' dir='ltr'><strong><em>πολλῶν</em></strong></span> <span class='ocrx_word' id='word_1_104' title='bbox 641 1684 698 1749; x_wconf 81' lang='grc' dir='ltr'><strong>καί</strong></span> <span class='ocrx_word' id='word_1_105' title='bbox 726 1683 756 1749; x_wconf 89' lang='grc' dir='ltr'><strong>εί</strong></span> <span class='ocrx_word' id='word_1_106' title='bbox 777 1707 845 1750; x_wconf 94' lang='grc' dir='ltr'><strong><em>που</em></strong></span> <span class='ocrx_word' id='word_1_107' title='bbox 875 1675 966 1769; x_wconf 78' lang='grc' dir='ltr'><strong><em>εὕροι</em></strong></span> <span class='ocrx_word' id='word_1_108' title='bbox 996 1683 1032 1750; x_wconf 83' lang='grc' dir='ltr'><strong>ἐν</strong></span> <span class='ocrx_word' id='word_1_109' title='bbox 1060 1688 1100 1768; x_wconf 75' lang='grc' dir='ltr'><strong>τη</strong></span> <span class='ocrx_word' id='word_1_110' title='bbox 1128 1679 1253 1770; x_wconf 82' lang='grc' dir='ltr'><strong><em>τριόδῳ</em></strong></span> 
     </span>
     <span class='ocr_line' id='line_1_14' title="bbox 122 1777 1254 1872; baseline -0.001 -20"><span class='ocrx_word' id='word_1_111' title='bbox 122 1781 264 1872; x_wconf 82' lang='grc' dir='ltr'><strong><em>Ἑκάτης</em></strong></span> <span class='ocrx_word' id='word_1_112' title='bbox 287 1785 427 1852; x_wconf 81' lang='grc' dir='ltr'><strong><em>δεῖπνον</em></strong></span> <span class='ocrx_word' id='word_1_113' title='bbox 448 1787 604 1872; x_wconf 87' lang='grc' dir='ltr'><strong><em>κείμενον</em></strong></span> <span class='ocrx_word' id='word_1_114' title='bbox 625 1778 647 1871; x_wconf 80' lang='grc' dir='ltr'>ἢ</span> <span class='ocrx_word' id='word_1_115' title='bbox 663 1777 734 1871; x_wconf 77' lang='grc' dir='ltr'><strong>ηίόν</strong></span> <span class='ocrx_word' id='word_1_116' title='bbox 749 1784 786 1851; x_wconf 81' lang='grc' dir='ltr'><strong>ἐκ</strong></span> <span class='ocrx_word' id='word_1_117' title='bbox 802 1787 993 1872; x_wconf 77' lang='grc' dir='ltr'><strong><em>καθαρσίου</em></strong></span> <span class='ocrx_word' id='word_1_118' title='bbox 1008 1780 1029 1871; x_wconf 83' lang='grc' dir='ltr'><em>ἥ</em></span> <span class='ocrx_word' id='word_1_119' title='bbox 1044 1811 1076 1852; x_wconf 89' lang='grc' dir='ltr'><strong>τι</strong></span> <span class='ocrx_word' id='word_1_120' title='bbox 1091 1785 1254 1858; x_wconf 83' lang='grc' dir='ltr'><strong><em>τοιοῦτον</em></strong></span> 
     </span>
     <span class='ocr_line' id='line_1_15' title="bbox 129 1879 1252 1973; baseline -0.002 -19"><span class='ocrx_word' id='word_1_121' title='bbox 129 1894 256 1966; x_wconf 79' lang='lat' dir='ltr'><strong>iuberet</strong></span> <span class='ocrx_word' id='word_1_122' title='bbox 279 1894 454 1956; x_wconf 83' lang='lat' dir='ltr'><strong>scholiastes</strong></span> <span class='ocrx_word' id='word_1_123' title='bbox 469 1896 544 1954; x_wconf 89' lang='lat' dir='ltr'><strong>haec</strong></span> <span class='ocrx_word' id='word_1_124' title='bbox 560 1896 663 1954; x_wconf 80' lang='lat' dir='ltr'><strong>affert:</strong></span> <span class='ocrx_word' id='word_1_125' title='bbox 686 1881 754 1953; x_wconf 76' lang='grc' dir='ltr'><strong>ἀπὸ</strong></span> <span class='ocrx_word' id='word_1_126' title='bbox 776 1889 846 1953; x_wconf 83' lang='grc' dir='ltr'><strong>τῶν</strong></span> <span class='ocrx_word' id='word_1_127' title='bbox 870 1888 1016 1954; x_wconf 84' lang='grc' dir='ltr'><strong><em>δείπνων</em></strong></span> <span class='ocrx_word' id='word_1_128' title='bbox 1038 1879 1113 1973; x_wconf 75' lang='grc' dir='ltr'><strong><em>οίμὰ</em></strong></span> <span class='ocrx_word' id='word_1_129' title='bbox 1134 1883 1252 1972; x_wconf 77' lang='grc' dir='ltr'><strong><em>φαγών</em></strong></span> 
     </span>
     <span class='ocr_line' id='line_1_16' title="bbox 129 1981 1252 2076; baseline 0.002 -22"><span class='ocrx_word' id='word_1_130' title='bbox 129 1981 182 2074; x_wconf 74' lang='grc' dir='ltr'><strong>ᾠὰ</strong></span> <span class='ocrx_word' id='word_1_131' title='bbox 203 1990 368 2076; x_wconf 78' lang='grc' dir='ltr'><strong><em>τέθνηκεν</em></strong></span> <span class='ocrx_word' id='word_1_132' title='bbox 400 1981 596 2076; x_wconf 75' lang='grc' dir='ltr'><strong><em>ἀπεπτήσας</em></strong></span> <span class='ocrx_word' id='word_1_133' title='bbox 628 1981 750 2074; x_wconf 84' lang='grc' dir='ltr'><strong><em>τούτῳ.</em></strong></span> <span class='ocrx_word' id='word_1_134' title='bbox 803 1997 989 2058; x_wconf 85' lang='lat' dir='ltr'><strong>Scholiasten</strong></span> <span class='ocrx_word' id='word_1_135' title='bbox 1021 2001 1119 2057; x_wconf 86' lang='lat' dir='ltr'><strong>autem</strong></span> <span class='ocrx_word' id='word_1_136' title='bbox 1151 2014 1252 2056; x_wconf 86' lang='lat' dir='ltr'><strong>errare</strong></span> 
     </span>
     <span class='ocr_line' id='line_1_17' title="bbox 131 2097 1254 2177; baseline -0.002 -17"><span class='ocrx_word' id='word_1_137' title='bbox 131 2099 261 2160; x_wconf 81' lang='lat' dir='ltr'><strong>Solauus</strong></span> <span class='ocrx_word' id='word_1_138' title='bbox 283 2105 365 2161; x_wconf 88' lang='lat' dir='ltr'><strong>recto</strong></span> <span class='ocrx_word' id='word_1_139' title='bbox 388 2099 552 2160; x_wconf 82' lang='lat' dir='ltr'><strong>adnotavit</strong></span> <span class='ocrx_word' id='word_1_140' title='bbox 586 2099 740 2159; x_wconf 82' lang='lat' dir='ltr'><strong>Lucienus</strong></span> <span class='ocrx_word' id='word_1_141' title='bbox 764 2097 841 2159; x_wconf 91' lang='lat' dir='ltr'><strong>enim</strong></span> <span class='ocrx_word' id='word_1_142' title='bbox 865 2117 900 2158; x_wconf 87' lang='lat' dir='ltr'><strong>ea</strong></span> <span class='ocrx_word' id='word_1_143' title='bbox 922 2118 1001 2177; x_wconf 89' lang='lat' dir='ltr'><strong>quse</strong></span> <span class='ocrx_word' id='word_1_144' title='bbox 1023 2116 1115 2176; x_wconf 88' lang='lat' dir='ltr'><strong>supra</strong></span> <span class='ocrx_word' id='word_1_145' title='bbox 1137 2099 1254 2176; x_wconf 83' lang='lat' dir='ltr'><strong>scripsi·</strong></span> 
     </span>
     <span class='ocr_line' id='line_1_18' title="bbox 133 2201 1254 2277; baseline -0.001 -17"><span class='ocrx_word' id='word_1_146' title='bbox 133 2219 199 2261; x_wconf 89' lang='lat' dir='ltr'><strong>mus</strong></span> <span class='ocrx_word' id='word_1_147' title='bbox 221 2202 335 2262; x_wconf 84' lang='lat' dir='ltr'><strong>Polluci</strong></span> <span class='ocrx_word' id='word_1_148' title='bbox 366 2202 526 2262; x_wconf 86' lang='lat' dir='ltr'><strong>mandasse</strong></span> <span class='ocrx_word' id='word_1_149' title='bbox 556 2202 675 2262; x_wconf 89' lang='lat' dir='ltr'><strong>videtur</strong></span> <span class='ocrx_word' id='word_1_150' title='bbox 706 2201 817 2261; x_wconf 86' lang='lat' dir='ltr'><strong>nullam</strong></span> <span class='ocrx_word' id='word_1_151' title='bbox 848 2201 933 2261; x_wconf 88' lang='lat' dir='ltr'><strong>aliam</strong></span> <span class='ocrx_word' id='word_1_152' title='bbox 962 2201 1000 2261; x_wconf 93' lang='lat' dir='ltr'><strong>ob</strong></span> <span class='ocrx_word' id='word_1_153' title='bbox 1022 2218 1141 2260; x_wconf 87' lang='lat' dir='ltr'><strong>eausam</strong></span> <span class='ocrx_word' id='word_1_154' title='bbox 1164 2218 1254 2277; x_wconf 90' lang='lat' dir='ltr'><strong>quam</strong></span> 
     </span>
     <span class='ocr_line' id='line_1_19' title="bbox 133 2301 1254 2380; baseline 0 -18"><span class='ocrx_word' id='word_1_155' title='bbox 133 2308 169 2362; x_wconf 90' lang='lat' dir='ltr'><strong>ut</strong></span> <span class='ocrx_word' id='word_1_156' title='bbox 190 2303 324 2380; x_wconf 90' lang='lat' dir='ltr'><strong>Menippi</strong></span> <span class='ocrx_word' id='word_1_157' title='bbox 354 2304 498 2364; x_wconf 86' lang='lat' dir='ltr'><strong>rationem</strong></span> <span class='ocrx_word' id='word_1_158' title='bbox 527 2301 684 2363; x_wconf 88' lang='lat' dir='ltr'><strong>deridendi</strong></span> <span class='ocrx_word' id='word_1_159' title='bbox 712 2302 874 2378; x_wconf 86' lang='lat' dir='ltr'><strong>religiones</strong></span> <span class='ocrx_word' id='word_1_160' title='bbox 897 2303 961 2362; x_wconf 88' lang='lat' dir='ltr'><strong>illas</strong></span> <span class='ocrx_word' id='word_1_161' title='bbox 983 2307 1075 2379; x_wconf 88' lang='lat' dir='ltr'><strong>atque</strong></span> <span class='ocrx_word' id='word_1_162' title='bbox 1097 2305 1254 2362; x_wconf 85' lang='lat' dir='ltr'><strong>cousuetu-</strong></span> 
     </span>
     <span class='ocr_line' id='line_1_20' title="bbox 135 2403 1255 2482; baseline 0.003 -20"><span class='ocrx_word' id='word_1_163' title='bbox 135 2404 220 2464; x_wconf 91' lang='lat' dir='ltr'><strong>dines</strong></span> <span class='ocrx_word' id='word_1_164' title='bbox 243 2405 423 2466; x_wconf 87' lang='lat' dir='ltr'><strong>ostenderet.</strong></span> <span class='ocrx_word' id='word_1_165' title='bbox 468 2405 619 2466; x_wconf 84' lang='lat' dir='ltr'><strong>Scholium</strong></span> <span class='ocrx_word' id='word_1_166' title='bbox 650 2404 769 2482; x_wconf 88' lang='lat' dir='ltr'><strong>quidem</strong></span> <span class='ocrx_word' id='word_1_167' title='bbox 800 2403 873 2464; x_wconf 92' lang='lat' dir='ltr'><strong>illud</strong></span> <span class='ocrx_word' id='word_1_168' title='bbox 899 2405 964 2464; x_wconf 90' lang='lat' dir='ltr'><strong>siue</strong></span> <span class='ocrx_word' id='word_1_169' title='bbox 986 2404 1049 2464; x_wconf 91' lang='lat' dir='ltr'><strong>ulla</strong></span> <span class='ocrx_word' id='word_1_170' title='bbox 1070 2403 1255 2466; x_wconf 86' lang='lat' dir='ltr'><strong>dubitatione</strong></span> 
     </span>
    </p>
   </div>
   <div class='ocr_carea' id='block_1_3' title="bbox 134 2491 1261 3196">
    <p class='ocr_par' dir='ltr' id='par_1_3' title="bbox 134 2491 1261 3196">
     <span class='ocr_line' id='line_1_21' title="bbox 135 2491 1256 2585; baseline -0.001 -19"><span class='ocrx_word' id='word_1_171' title='bbox 135 2525 173 2566; x_wconf 82' lang='lat' dir='ltr'><strong>ex</strong></span> <span class='ocrx_word' id='word_1_172' title='bbox 195 2506 320 2566; x_wconf 86' lang='lat' dir='ltr'><strong>Luciarri</strong></span> <span class='ocrx_word' id='word_1_173' title='bbox 344 2508 420 2567; x_wconf 87' lang='lat' dir='ltr'><strong>libro</strong></span> <span class='ocrx_word' id='word_1_174' title='bbox 443 2508 495 2585; x_wconf 93' lang='lat' dir='ltr'><strong>qui</strong></span> <span class='ocrx_word' id='word_1_175' title='bbox 510 2491 716 2576; x_wconf 80' lang='grc' dir='ltr'><strong><em>Καταπλούς</em></strong></span> <span class='ocrx_word' id='word_1_176' title='bbox 739 2505 899 2584; x_wconf 89' lang='lat' dir='ltr'><strong>inscriptus</strong></span> <span class='ocrx_word' id='word_1_177' title='bbox 923 2512 967 2567; x_wconf 90' lang='lat' dir='ltr'><strong>est</strong></span> <span class='ocrx_word' id='word_1_178' title='bbox 990 2509 1114 2584; x_wconf 92' lang='lat' dir='ltr'><strong>petitum</strong></span> <span class='ocrx_word' id='word_1_179' title='bbox 1138 2511 1183 2569; x_wconf 89' lang='lat' dir='ltr'><strong>est</strong></span> <span class='ocrx_word' id='word_1_180' title='bbox 1206 2506 1256 2567; x_wconf 93' lang='lat' dir='ltr'><strong>ubi</strong></span> 
     </span>
     <span class='ocr_line' id='line_1_22' title="bbox 135 2593 1256 2688; baseline -0.002 -20"><span class='ocrx_word' id='word_1_181' title='bbox 135 2614 195 2670; x_wconf 72' lang='lat' dir='ltr'><strong>ed</strong></span> <span class='ocrx_word' id='word_1_182' title='bbox 219 2609 365 2686; x_wconf 81' lang='lat' dir='ltr'><strong>Cyniscus</strong></span> <span class='ocrx_word' id='word_1_183' title='bbox 387 2608 509 2686; x_wconf 88' lang='lat' dir='ltr'><strong>quidam</strong></span> <span class='ocrx_word' id='word_1_184' title='bbox 537 2615 800 2687; x_wconf 87' lang='lat' dir='ltr'><strong>commemoratur,</strong></span> <span class='ocrx_word' id='word_1_185' title='bbox 831 2593 872 2668; x_wconf 75' lang='grc' dir='ltr'><strong>ὃν</strong></span> <span class='ocrx_word' id='word_1_186' title='bbox 894 2599 959 2669; x_wconf 75' lang='grc' dir='ltr'><strong><em>ἔδει</em></strong></span> <span class='ocrx_word' id='word_1_187' title='bbox 981 2604 1041 2688; x_wconf 86' lang='grc' dir='ltr'><strong>τῆς</strong></span> <span class='ocrx_word' id='word_1_188' title='bbox 1058 2597 1194 2688; x_wconf 80' lang='grc' dir='ltr'><strong><em>Ἑκάτης</em></strong></span> <span class='ocrx_word' id='word_1_189' title='bbox 1216 2599 1256 2667; x_wconf 83' lang='grc' dir='ltr'><strong>τὸ</strong></span> 
     </span>
     <span class='ocr_line' id='line_1_23' title="bbox 136 2695 1257 2790; baseline 0.001 -22"><span class='ocrx_word' id='word_1_190' title='bbox 136 2705 275 2769; x_wconf 79' lang='grc' dir='ltr'><strong><em>δεῖπνον</em></strong></span> <span class='ocrx_word' id='word_1_191' title='bbox 305 2700 458 2790; x_wconf 81' lang='grc' dir='ltr'><strong><em>φαγόντα</em></strong></span> <span class='ocrx_word' id='word_1_192' title='bbox 487 2704 544 2769; x_wconf 83' lang='grc' dir='ltr'><strong>καὶ</strong></span> <span class='ocrx_word' id='word_1_193' title='bbox 574 2696 615 2768; x_wconf 82' lang='grc' dir='ltr'><strong>τὰ</strong></span> <span class='ocrx_word' id='word_1_194' title='bbox 642 2701 678 2768; x_wconf 77' lang='grc' dir='ltr'><strong>ἐκ</strong></span> <span class='ocrx_word' id='word_1_195' title='bbox 709 2707 778 2768; x_wconf 78' lang='grc' dir='ltr'><strong>τῶν</strong></span> <span class='ocrx_word' id='word_1_196' title='bbox 800 2706 998 2788; x_wconf 78' lang='grc' dir='ltr'><strong><em>καθαρσίων</em></strong></span> <span class='ocrx_word' id='word_1_197' title='bbox 1020 2695 1072 2790; x_wconf 69' lang='lat' dir='ltr'><strong>piel</strong></span> <span class='ocrx_word' id='word_1_198' title='bbox 1093 2705 1150 2770; x_wconf 88' lang='grc' dir='ltr'><strong>καὶ</strong></span> <span class='ocrx_word' id='word_1_199' title='bbox 1171 2700 1257 2788; x_wconf 86' lang='grc' dir='ltr'><strong><em>πρὸς</em></strong></span> 
     </span>
     <span class='ocr_line' id='line_1_24' title="bbox 134 2795 1257 2892; baseline 0.002 -23"><span class='ocrx_word' id='word_1_200' title='bbox 134 2800 271 2882; x_wconf 82' lang='grc' dir='ltr'><strong><em>τούτοις</em></strong></span> <span class='ocrx_word' id='word_1_201' title='bbox 292 2829 329 2890; x_wconf 80' lang='grc' dir='ltr'><strong>γε</strong></span> <span class='ocrx_word' id='word_1_202' title='bbox 351 2807 475 2892; x_wconf 85' lang='grc' dir='ltr'><strong><em>σηπίαν</em></strong></span> <span class='ocrx_word' id='word_1_203' title='bbox 498 2797 593 2891; x_wconf 75' lang='grc' dir='ltr'><strong><em>ὥμην</em></strong></span> <span class='ocrx_word' id='word_1_204' title='bbox 617 2795 817 2870; x_wconf 83' lang='grc' dir='ltr'><strong><em>ἀποθανεῖν.</em></strong></span> <span class='ocrx_word' id='word_1_205' title='bbox 871 2814 955 2874; x_wconf 87' lang='lat' dir='ltr'><strong>Haeo</strong></span> <span class='ocrx_word' id='word_1_206' title='bbox 982 2818 1080 2873; x_wconf 87' lang='lat' dir='ltr'><strong>aulem</strong></span> <span class='ocrx_word' id='word_1_207' title='bbox 1103 2813 1197 2872; x_wconf 86' lang='lat' dir='ltr'><strong>verba</strong></span> <span class='ocrx_word' id='word_1_208' title='bbox 1219 2812 1257 2871; x_wconf 86' lang='lat' dir='ltr'><strong>ad</strong></span> 
     </span>
     <span class='ocr_line' id='line_1_25' title="bbox 135 2914 1257 2992; baseline -0.001 -18"><span class='ocrx_word' id='word_1_209' title='bbox 135 2915 310 2991; x_wconf 81' lang='lat' dir='ltr'><strong>Menippum</strong></span> <span class='ocrx_word' id='word_1_210' title='bbox 333 2916 485 2990; x_wconf 86' lang='lat' dir='ltr'><strong>pertinere</strong></span> <span class='ocrx_word' id='word_1_211' title='bbox 508 2933 567 2974; x_wconf 92' lang='lat' dir='ltr'><strong>uon</strong></span> <span class='ocrx_word' id='word_1_212' title='bbox 591 2918 636 2974; x_wconf 92' lang='lat' dir='ltr'><strong>est</strong></span> <span class='ocrx_word' id='word_1_213' title='bbox 658 2931 712 2974; x_wconf 90' lang='lat' dir='ltr'><strong>cur</strong></span> <span class='ocrx_word' id='word_1_214' title='bbox 733 2918 888 2991; x_wconf 89' lang='lat' dir='ltr'><strong>putemus:</strong></span> <span class='ocrx_word' id='word_1_215' title='bbox 910 2916 1010 2992; x_wconf 91' lang='lat' dir='ltr'><strong>potius</strong></span> <span class='ocrx_word' id='word_1_216' title='bbox 1033 2915 1071 2974; x_wconf 87' lang='lat' dir='ltr'><strong>ud</strong></span> <span class='ocrx_word' id='word_1_217' title='bbox 1093 2914 1257 2992; x_wconf 91' lang='lat' dir='ltr'><strong>Diogenem</strong></span> 
     </span>
     <span class='ocr_line' id='line_1_26' title="bbox 136 3014 1257 3094; baseline -0.002 -18"><span class='ocrx_word' id='word_1_218' title='bbox 136 3014 296 3076; x_wconf 89' lang='lat' dir='ltr'><strong>referenda</strong></span> <span class='ocrx_word' id='word_1_219' title='bbox 326 3019 408 3094; x_wconf 82' lang='lat' dir='ltr'><strong>suut,</strong></span> <span class='ocrx_word' id='word_1_220' title='bbox 434 3018 610 3094; x_wconf 87' lang='lat' dir='ltr'><strong>praesertim</strong></span> <span class='ocrx_word' id='word_1_221' title='bbox 640 3035 706 3076; x_wconf 92' lang='lat' dir='ltr'><strong>cum</strong></span> <span class='ocrx_word' id='word_1_222' title='bbox 737 3017 811 3077; x_wconf 87' lang='lat' dir='ltr'><strong>Luc.</strong></span> <span class='ocrx_word' id='word_1_223' title='bbox 825 3017 884 3076; x_wconf 88' lang='lat' dir='ltr'><strong>Vit.</strong></span> <span class='ocrx_word' id='word_1_224' title='bbox 899 3017 986 3077; x_wconf 79' lang='lat' dir='ltr'><strong>duct.</strong></span> <span class='ocrx_word' id='word_1_225' title='bbox 1009 3016 1084 3088; x_wconf 80' lang='lat'><strong>§10</strong></span> <span class='ocrx_word' id='word_1_226' title='bbox 1106 3017 1257 3094; x_wconf 88' lang='lat' dir='ltr'><strong>respicias.</strong></span> 
     </span>
     <span class='ocr_line' id='line_1_27' title="bbox 136 3117 1261 3196; baseline 0 -18"><span class='ocrx_word' id='word_1_227' title='bbox 136 3117 344 3178; x_wconf 85' lang='lat' dir='ltr'><strong>Voluntarinm</strong></span> <span class='ocrx_word' id='word_1_228' title='bbox 378 3119 470 3196; x_wconf 84' lang='lat' dir='ltr'><strong>igilur</strong></span> <span class='ocrx_word' id='word_1_229' title='bbox 502 3119 594 3179; x_wconf 80' lang='lat' dir='ltr'><strong>fuisse</strong></span> <span class='ocrx_word' id='word_1_230' title='bbox 629 3123 753 3178; x_wconf 86' lang='lat' dir='ltr'><strong>mortem</strong></span> <span class='ocrx_word' id='word_1_231' title='bbox 784 3119 916 3196; x_wconf 87' lang='lat' dir='ltr'><strong>Menippi</strong></span> <span class='ocrx_word' id='word_1_232' title='bbox 951 3138 988 3178; x_wconf 85' lang='lat' dir='ltr'><strong>ex</strong></span> <span class='ocrx_word' id='word_1_233' title='bbox 1022 3118 1198 3179; x_wconf 88' lang='lat' dir='ltr'><strong>testimoniis</strong></span> <span class='ocrx_word' id='word_1_234' title='bbox 1231 3121 1261 3178; x_wconf 89' lang='lat' dir='ltr'><strong>et</strong></span> 
     </span>
    </p>
   </div>
   <div class='ocr_carea' id='block_1_4' title="bbox 137 3218 1263 3911">
    <p class='ocr_par' dir='ltr' id='par_1_4' title="bbox 137 3218 1260 3504">
     <span class='ocr_line' id='line_1_28' title="bbox 137 3218 1260 3298; baseline 0.002 -20"><span class='ocrx_word' id='word_1_235' title='bbox 137 3219 295 3298; x_wconf 90' lang='lat' dir='ltr'><strong>Hermippi</strong></span> <span class='ocrx_word' id='word_1_236' title='bbox 319 3224 349 3279; x_wconf 92' lang='lat' dir='ltr'><strong>et</strong></span> <span class='ocrx_word' id='word_1_237' title='bbox 364 3221 492 3280; x_wconf 87' lang='lat' dir='ltr'><strong>Luciaui</strong></span> <span class='ocrx_word' id='word_1_238' title='bbox 515 3221 586 3280; x_wconf 88' lang='lat' dir='ltr'><strong>satis</strong></span> <span class='ocrx_word' id='word_1_239' title='bbox 610 3220 738 3282; x_wconf 89' lang='lat' dir='ltr'><strong>dilucide</strong></span> <span class='ocrx_word' id='word_1_240' title='bbox 754 3225 894 3298; x_wconf 88' lang='lat' dir='ltr'><strong>apparet:</strong></span> <span class='ocrx_word' id='word_1_241' title='bbox 917 3218 1063 3298; x_wconf 79' lang='lat' dir='ltr'><strong>Leylus3)</strong></span> <span class='ocrx_word' id='word_1_242' title='bbox 1084 3223 1260 3298; x_wconf 88' lang='lat' dir='ltr'><strong>nescioquo</strong></span> 
     </span>
     <span class='ocr_line' id='line_1_29' title="bbox 137 3313 1260 3404; baseline -0.001 -23"><span class='ocrx_word' id='word_1_243' title='bbox 137 3323 203 3383; x_wconf 86' lang='lat' dir='ltr'><strong>inre</strong></span> <span class='ocrx_word' id='word_1_244' title='bbox 232 3321 310 3382; x_wconf 91' lang='lat' dir='ltr'><strong>idem</strong></span> <span class='ocrx_word' id='word_1_245' title='bbox 343 3323 431 3383; x_wconf 86' lang='lat' dir='ltr'><strong>etiam</strong></span> <span class='ocrx_word' id='word_1_246' title='bbox 463 3323 728 3400; x_wconf 79' lang='lat' dir='ltr'><strong>exfragm.Va1·r.</strong></span> <span class='ocrx_word' id='word_1_247' title='bbox 752 3328 806 3384; x_wconf 83' lang='lat' dir='ltr'><strong>sat</strong></span> <span class='ocrx_word' id='word_1_248' title='bbox 829 3313 1018 3404; x_wconf 80' lang='grc' dir='ltr'><strong><em>Μοο.ταφη</em></strong></span> <span class='ocrx_word' id='word_1_249' title='bbox 1041 3318 1224 3383; x_wconf 85' lang='grc' dir='ltr'><strong><em>Μενίππου</em></strong></span> <span class='ocrx_word' id='word_1_250' title='bbox 1235 3321 1260 3395; x_wconf 87' lang='lat'><strong>⁴)</strong></span> 
     </span>
     <span class='ocr_line' id='line_1_30' title="bbox 139 3425 611 3504; baseline 0.002 -20"><span class='ocrx_word' id='word_1_251' title='bbox 139 3425 240 3500; x_wconf 89' lang='lat' dir='ltr'><strong>colligi</strong></span> <span class='ocrx_word' id='word_1_252' title='bbox 264 3443 352 3501; x_wconf 90' lang='lat' dir='ltr'><strong>posse</strong></span> <span class='ocrx_word' id='word_1_253' title='bbox 375 3429 611 3504; x_wconf 90' lang='lat' dir='ltr'><strong>argumentatur.</strong></span> 
     </span>
    </p>

    <p class='ocr_par' dir='ltr' id='par_1_5' title="bbox 139 3526 1263 3911">
     <span class='ocr_line' id='line_1_31' title="bbox 225 3526 1261 3606; baseline 0.001 -20"><span class='ocrx_word' id='word_1_254' title='bbox 225 3526 385 3604; x_wconf 89' lang='lat' dir='ltr'><strong>Menippus</strong></span> <span class='ocrx_word' id='word_1_255' title='bbox 408 3527 562 3603; x_wconf 81' lang='lat' dir='ltr'><strong>igitur-</strong></span> <span class='ocrx_word' id='word_1_256' title='bbox 584 3532 617 3587; x_wconf 89' lang='lat' dir='ltr'><strong>nt</strong></span> <span class='ocrx_word' id='word_1_257' title='bbox 639 3528 744 3604; x_wconf 89' lang='lat' dir='ltr'><strong>paucis</strong></span> <span class='ocrx_word' id='word_1_258' title='bbox 766 3545 845 3604; x_wconf 90' lang='lat' dir='ltr'><strong>quae</strong></span> <span class='ocrx_word' id='word_1_259' title='bbox 868 3527 906 3587; x_wconf 90' lang='lat' dir='ltr'><strong>de</strong></span> <span class='ocrx_word' id='word_1_260' title='bbox 920 3528 991 3602; x_wconf 90' lang='lat' dir='ltr'><strong>vita,</strong></span> <span class='ocrx_word' id='word_1_261' title='bbox 1012 3526 1145 3606; x_wconf 80' lang='lat' dir='ltr'><strong>fortuna,</strong></span> <span class='ocrx_word' id='word_1_262' title='bbox 1166 3530 1261 3587; x_wconf 91' lang='lat' dir='ltr'><strong>morte</strong></span> 
     </span>
     <span class='ocr_line' id='line_1_32' title="bbox 139 3627 1262 3706; baseline 0 -18"><span class='ocrx_word' id='word_1_263' title='bbox 139 3629 205 3688; x_wconf 89' lang='lat' dir='ltr'><strong>eins</strong></span> <span class='ocrx_word' id='word_1_264' title='bbox 227 3627 337 3688; x_wconf 87' lang='lat' dir='ltr'><strong>tradita</strong></span> <span class='ocrx_word' id='word_1_265' title='bbox 360 3633 430 3689; x_wconf 90' lang='lat' dir='ltr'><strong>suut</strong></span> <span class='ocrx_word' id='word_1_266' title='bbox 452 3631 631 3706; x_wconf 89' lang='lat' dir='ltr'><strong>complectar</strong></span> <span class='ocrx_word' id='word_1_267' title='bbox 650 3660 692 3668; x_wconf 94' lang='lat'><strong>—</strong></span> <span class='ocrx_word' id='word_1_268' title='bbox 714 3630 842 3705; x_wconf 91' lang='lat' dir='ltr'><strong>primum</strong></span> <span class='ocrx_word' id='word_1_269' title='bbox 857 3647 964 3689; x_wconf 88' lang='lat' dir='ltr'><strong>servus</strong></span> <span class='ocrx_word' id='word_1_270' title='bbox 979 3629 1009 3690; x_wconf 93' lang='lat' dir='ltr'><strong>in</strong></span> <span class='ocrx_word' id='word_1_271' title='bbox 1025 3630 1130 3702; x_wconf 88' lang='lat' dir='ltr'><strong>Ponto,</strong></span> <span class='ocrx_word' id='word_1_272' title='bbox 1154 3627 1262 3690; x_wconf 89' lang='lat' dir='ltr'><strong>deinde</strong></span> 
     </span>
     <span class='ocr_line' id='line_1_33' title="bbox 139 3728 1263 3808; baseline 0.003 -20"><span class='ocrx_word' id='word_1_273' title='bbox 139 3731 170 3788; x_wconf 92' lang='lat' dir='ltr'><strong>iu</strong></span> <span class='ocrx_word' id='word_1_274' title='bbox 203 3728 330 3790; x_wconf 81' lang='lat' dir='ltr'><strong>Graecia</strong></span> <span class='ocrx_word' id='word_1_275' title='bbox 361 3730 530 3791; x_wconf 86' lang='lat' dir='ltr'><strong>libertatem</strong></span> <span class='ocrx_word' id='word_1_276' title='bbox 564 3730 693 3808; x_wconf 89' lang='lat' dir='ltr'><strong>adeptus</strong></span> <span class='ocrx_word' id='word_1_277' title='bbox 726 3731 830 3790; x_wconf 85' lang='lat' dir='ltr'><strong>fenore</strong></span> <span class='ocrx_word' id='word_1_278' title='bbox 862 3730 1001 3792; x_wconf 87' lang='lat' dir='ltr'><strong>iaciendo</strong></span> <span class='ocrx_word' id='word_1_279' title='bbox 1033 3733 1176 3792; x_wconf 82' lang='lat' dir='ltr'><strong>maximas</strong></span> <span class='ocrx_word' id='word_1_280' title='bbox 1207 3732 1263 3791; x_wconf 89' lang='lat' dir='ltr'><strong>sibi</strong></span> 
     </span>
     <span class='ocr_line' id='line_1_34' title="bbox 140 3831 1263 3911; baseline 0.002 -19"><span class='ocrx_word' id='word_1_281' title='bbox 140 3831 260 3892; x_wconf 89' lang='lat' dir='ltr'><strong>divitias</strong></span> <span class='ocrx_word' id='word_1_282' title='bbox 283 3833 476 3911; x_wconf 86' lang='lat' dir='ltr'><strong>comparavit,</strong></span> <span class='ocrx_word' id='word_1_283' title='bbox 498 3833 630 3911; x_wconf 89' lang='lat' dir='ltr'><strong>denique</strong></span> <span class='ocrx_word' id='word_1_284' title='bbox 653 3836 751 3894; x_wconf 90' lang='lat' dir='ltr'><strong>aetate</strong></span> <span class='ocrx_word' id='word_1_285' title='bbox 773 3837 935 3910; x_wconf 86' lang='lat' dir='ltr'><strong>provectus</strong></span> <span class='ocrx_word' id='word_1_286' title='bbox 958 3838 1049 3911; x_wconf 85' lang='lat' dir='ltr'><strong>atque</strong></span> <span class='ocrx_word' id='word_1_287' title='bbox 1064 3853 1158 3896; x_wconf 82' lang='lat' dir='ltr'><strong>senex</strong></span> <span class='ocrx_word' id='word_1_288' title='bbox 1174 3834 1263 3894; x_wconf 89' lang='lat' dir='ltr'><strong>rebus</strong></span> 
     </span>
    </p>
   </div>
   <div class='ocr_carea' id='block_1_5' title="bbox 142 4027 1011 4441">
    <p class='ocr_par' dir='ltr' id='par_1_6' title="bbox 142 4027 1011 4441">
     <span class='ocr_line' id='line_1_35' title="bbox 230 4027 1011 4097; baseline 0.005 -16"><span class='ocrx_word' id='word_1_289' title='bbox 230 4030 251 4093; x_wconf 89' lang='lat'><strong>¹)</strong></span> <span class='ocrx_word' id='word_1_290' title='bbox 267 4027 345 4084; x_wconf 83' lang='lat' dir='ltr'><strong>Mort.</strong></span> <span class='ocrx_word' id='word_1_291' title='bbox 362 4028 435 4082; x_wconf 87' lang='lat' dir='ltr'><strong>Dial.</strong></span> <span class='ocrx_word' id='word_1_292' title='bbox 457 4033 548 4097; x_wconf 83' lang='grc'><strong>10,11.</strong></span> <span class='ocrx_word' id='word_1_293' title='bbox 702 4033 724 4094; x_wconf 81' lang='lat'><strong>²)</strong></span> <span class='ocrx_word' id='word_1_294' title='bbox 742 4029 822 4084; x_wconf 89' lang='lat' dir='ltr'><strong>Mort.</strong></span> <span class='ocrx_word' id='word_1_295' title='bbox 842 4029 912 4084; x_wconf 88' lang='lat' dir='ltr'><strong>Dial.</strong></span> <span class='ocrx_word' id='word_1_296' title='bbox 934 4033 975 4092; x_wconf 84' lang='lat'><strong>21,</strong></span> <span class='ocrx_word' id='word_1_297' title='bbox 987 4035 1011 4085; x_wconf 82' lang='lat'><strong>2.</strong></span> 
     </span>
     <span class='ocr_line' id='line_1_36' title="bbox 229 4112 882 4185; baseline 0.005 -19"><span class='ocrx_word' id='word_1_298' title='bbox 229 4113 252 4180; x_wconf 80' lang='lat'><strong>³)</strong></span> <span class='ocrx_word' id='word_1_299' title='bbox 269 4113 304 4167; x_wconf 88' lang='lat' dir='ltr'><strong>de</strong></span> <span class='ocrx_word' id='word_1_300' title='bbox 322 4113 383 4168; x_wconf 83' lang='lat' dir='ltr'><strong>rita</strong></span> <span class='ocrx_word' id='word_1_301' title='bbox 400 4113 569 4182; x_wconf 89' lang='lat' dir='ltr'><strong>scriptisque</strong></span> <span class='ocrx_word' id='word_1_302' title='bbox 587 4112 711 4185; x_wconf 89' lang='lat' dir='ltr'><strong>Menippi</strong></span> <span class='ocrx_word' id='word_1_303' title='bbox 729 4114 799 4185; x_wconf 77' lang='lat' dir='ltr'><strong>Cyn.</strong></span> <span class='ocrx_word' id='word_1_304' title='bbox 818 4131 845 4183; x_wconf 93' lang='lat' dir='ltr'><strong>p.</strong></span> <span class='ocrx_word' id='word_1_305' title='bbox 857 4120 882 4170; x_wconf 84' lang='grc'><strong>6.</strong></span> 
     </span>
     <span class='ocr_line' id='line_1_37' title="bbox 227 4197 652 4269; baseline 0.005 -18"><span class='ocrx_word' id='word_1_306' title='bbox 227 4198 251 4267; x_wconf 83' lang='lat'><strong>⁴)</strong></span> <span class='ocrx_word' id='word_1_307' title='bbox 268 4212 312 4266; x_wconf 87' lang='lat' dir='ltr'><strong>ap.</strong></span> <span class='ocrx_word' id='word_1_308' title='bbox 328 4197 435 4254; x_wconf 83' lang='lat' dir='ltr'><strong>Oehlsr.</strong></span> <span class='ocrx_word' id='word_1_309' title='bbox 453 4215 481 4269; x_wconf 89' lang='lat' dir='ltr'><strong>p.</strong></span> <span class='ocrx_word' id='word_1_310' title='bbox 494 4203 553 4254; x_wconf 81' lang='lat'><strong>220.</strong></span> <span class='ocrx_word' id='word_1_311' title='bbox 566 4203 607 4266; x_wconf 81' lang='lat'><strong>86,</strong></span> <span class='ocrx_word' id='word_1_312' title='bbox 621 4204 652 4253; x_wconf 80' lang='lat'><strong>2:</strong></span> 
     </span>
     <span class='ocr_line' id='line_1_38' title="bbox 397 4283 811 4354; baseline 0.01 -18"><span class='ocrx_word' id='word_1_313' title='bbox 397 4283 450 4339; x_wconf 88' lang='lat' dir='ltr'><strong>illo</strong></span> <span class='ocrx_word' id='word_1_314' title='bbox 468 4285 571 4340; x_wconf 88' lang='lat' dir='ltr'><strong>nobilis</strong></span> <span class='ocrx_word' id='word_1_315' title='bbox 583 4285 722 4354; x_wconf 87' lang='lat' dir='ltr'><strong>quondam</strong></span> <span class='ocrx_word' id='word_1_316' title='bbox 734 4285 811 4340; x_wconf 90' lang='lat' dir='ltr'><strong>oanis</strong></span> 
     </span>
     <span class='ocr_line' id='line_1_39' title="bbox 142 4367 788 4441; baseline 0.005 -18"><span class='ocrx_word' id='word_1_317' title='bbox 142 4367 198 4423; x_wconf 84' lang='lat' dir='ltr'><strong>Hic</strong></span> <span class='ocrx_word' id='word_1_318' title='bbox 210 4367 293 4437; x_wconf 89' lang='lat' dir='ltr'><strong>liquit</strong></span> <span class='ocrx_word' id='word_1_319' title='bbox 310 4369 438 4424; x_wconf 87' lang='lat' dir='ltr'><strong>homines</strong></span> <span class='ocrx_word' id='word_1_320' title='bbox 454 4385 550 4426; x_wconf 88' lang='lat' dir='ltr'><strong>omnes</strong></span> <span class='ocrx_word' id='word_1_321' title='bbox 566 4372 597 4425; x_wconf 90' lang='lat' dir='ltr'><strong>in</strong></span> <span class='ocrx_word' id='word_1_322' title='bbox 614 4377 705 4426; x_wconf 89' lang='lat' dir='ltr'><strong>terrae</strong></span> <span class='ocrx_word' id='word_1_323' title='bbox 723 4371 788 4441; x_wconf 86' lang='lat' dir='ltr'><strong>pila.</strong></span> 
     </span>
    </p>
   </div>
   <div class='ocr_carea' id='block_1_6' title="bbox 0 0 1551 5036">
    <p class='ocr_par' dir='ltr' id='par_1_7' title="bbox 0 0 1551 5036">
     <span class='ocr_line' id='line_1_40' title="bbox 0 0 1551 5036; baseline 0 0"><span class='ocrx_word' id='word_1_324' title='bbox 0 0 1551 5036; x_wconf 95' lang='lat' dir='ltr'><strong> </strong></span> 
     </span>
    </p>
   </div>
  </div>
 </body>
</html>
