3052 5036
256 436 296 498 34

256 610 354 672 lacere
386 611 493 688 vellet,
526 625 593 667 cunr
624 607 754 668 earmina
777 605 927 685 pepigisse
949 625 1017 666 eum
1041 623 1139 683 neque
1162 613 1282 682 praeter
1303 605 1379 664 Pro·

256 713 325 773 bum
356 714 432 772 alius
461 715 595 773 veterum
626 711 804 787 scriptorum
835 711 992 786 quisquam
1022 707 1181 770 tradiderit
1211 725 1310 785 neque
1334 707 1380 768 iu-

256 815 367 875 dicium
399 817 497 876 exstet
526 814 627 873 ullum.
672 813 760 874 Corte
790 816 910 873 exstant
937 813 1106 872 testimonia
1135 814 1165 870 et
1187 810 1381 870 tradiderunt

256 918 363 979 buidas
392 923 422 977 et
443 917 569 976 Photius
593 917 725 976 earmina
748 935 813 975 eum
837 914 996 993 pepigisse.
1040 914 1099 975 Sed
1121 914 1158 972 ad
1181 914 1247 990 ipsa
1268 913 1379 973 Snidae

188 1076 190 1082 ,
257 1021 351 1080 verba
372 1019 429 1078 iam
452 1025 649 1079 transeamus.
692 1018 832 1094 Legimus
853 1016 933 1093 apud
950 1015 1070 1078 Suidam
1087 1016 1178 1076 hsec:
1199 1007 1381 1083 Μένιππος

258 1111 428 1198 Κωμικός·
460 1119 531 1178 τῶν
560 1105 739 1200 δραμάτων
768 1104 870 1178 αὐτοῦ
901 1111 970 1177 ἐστι
1001 1112 1180 1196 Κέρκωπες
1202 1111 1258 1175 καὶ
1281 1104 1378 1174 ἄλλα.

258 1225 356 1285 Verba
385 1228 484 1283 autem
508 1241 585 1299 quae
607 1224 647 1283 ibi
669 1223 751 1282 buno
773 1223 802 1282 in
826 1222 945 1304 modum
969 1202 1168 1298 praecedunt:
1198 1213 1382 1286 Μένιππος

257 1313 460 1396 ὁΚονικός·
493 1315 583 1402 ἔστιν
613 1316 650 1382 ἐν
678 1319 727 1402 τῷ
755 1312 880 1398 ,φαιός’
903 1341 940 1384 er
964 1321 1064 1384 fabule
1086 1321 1137 1384 illa
1159 1339 1248 1399 quem
1271 1318 1382 1380 Suidas

257 1448 280 1490 s.
293 1447 320 1488 v.
343 1417 442 1504 φαιός
464 1427 557 1488 refert
578 1427 616 1487 de
640 1428 779 1503 Menippo
800 1425 912 1502 Gynieo
935 1427 1030 1503 petita
1052 1430 1143 1502 atquo
1159 1417 1381 1498 Bernhardi01)

259 1535 381 1592 suemus
403 1530 585 1605 interpolata
607 1547 672 1590 esse
695 1546 816 1604 censeo,
843 1545 941 1604 neque
963 1529 1057 1588 maior
1079 1526 1152 1588 fides
1173 1524 1311 1586 habenda
1333 1527 1384 1582 est

258 1634 294 1693 iis
327 1651 405 1711 quae
426 1650 449 1692 s.
465 1651 493 1691 v.
508 1620 608 1706 φαιός
630 1631 736 1692 Suidus
766 1631 866 1690 nescio
898 1648 958 1707 quo
980 1630 1069 1692 modo
1091 1630 1235 1706 deeeptus
1257 1627 1295 1686 de
1318 1627 1383 1685 Me·

260 1738 352 1813 nippo
376 1736 534 1796 memoriae
556 1733 704 1811 prodidit:
726 1733 802 1792 falsa
824 1735 900 1792 enim
925 1752 959 1792 ea
982 1751 1047 1793 esse
1070 1737 1161 1808 atque
1184 1731 1222 1790 ad
1239 1729 1383 1790 Menede-

259 1855 337 1897 mum
360 1837 516 1912 Oynionm,
541 1854 600 1896 nou
622 1836 660 1895 ad
683 1837 856 1912 Menippum
878 1836 1028 1913 pertinere
1051 1835 1136 1895 testis
1160 1837 1206 1893 est
1228 1832 1383 1908 Diogenes

258 1939 397 2002 Laertius
413 1943 445 2008 6,
462 1941 532 1999 102.
576 1937 765 2014 Relinquitur
792 1938 884 2012 igitur
906 1956 924 1997 a
945 1935 1038 1996 Suida
1061 1952 1139 1994 nnus
1162 1935 1331 2011 Menippus,
1353 1933 1383 1992 is

258 2041 311 2118 qui
340 2026 492 2118 δράματα
523 2042 691 2116 scripserat.
735 2028 894 2118 Apoiporu
922 2044 1020 2100 sutem
1043 2023 1174 2116 κωμικὰ
1196 2037 1296 2114 qualia
1318 2035 1381 2094 iam

258 2143 366 2203 Timon
382 2143 531 2202 Phliasius
553 2142 771 2218 conscripserat
793 2159 859 2201 eum
876 2137 1059 2212 Meinelrioil
1081 2140 1256 2215 intellegere
1279 2137 1383 2196 malim

258 2247 389 2305 earmina
415 2232 591 2303 οκωπτικά
613 2243 846 2320 colloquentium
869 2259 1065 2320 personarum
1087 2241 1202 2301 vicibus
1225 2244 1382 2316 uteunque

259 2348 399 2408 distincte
426 2365 515 2424 quam
539 2347 633 2406 iustas
654 2345 831 2406 comoedias.
875 2347 991 2404 Etenim
1015 2345 1096 2421 quod
1119 2344 1249 2404 comicus
1271 2341 1383 2402 dicitur

260 2451 420 2526 Menippus
449 2453 479 2510 et
510 2449 590 2524 quod
613 2449 778 2510 dramatum
801 2447 920 2506 nomine
943 2446 1011 2505 libri
1034 2447 1098 2505 eius
1120 2443 1325 2521 significantur
1348 2444 1381 2502 in

258 2569 294 2612 eo
327 2570 387 2612 uon
416 2541 462 2611 est
491 2549 573 2628 quod
604 2551 670 2627 quis
701 2549 840 2626 haereat,
879 2565 944 2606 eum
977 2547 1119 2607 latissime
1149 2546 1229 2623 apud
1261 2549 1381 2606 veteres

259 2657 378 2732 pateret
393 2669 465 2714 usus
489 2658 518 2712 et
540 2652 716 2729 significatio
739 2651 897 2712 verborum
920 2639 1068 2728 κωμικὸς
1090 2654 1121 2710 et
1143 2643 1261 2727 δρᾶμα,
1284 2648 1380 2709 veluti

257 2773 348 2816 voees
372 2747 532 2834 κωμῳδία
554 2760 584 2814 et
610 2749 785 2832 κωμῳδεῖν
806 2753 916 2832 passim
940 2752 977 2814 de
999 2753 1107 2829 quovis
1130 2752 1249 2812 ludibrii
1265 2769 1380 2830 genere

259 2855 482 2936 usurpantur³t
525 2857 660 2917 Lucieno
689 2856 746 2933 ipsi
769 2854 850 2932 quod
872 2848 1056 2916 Μένιππον
1079 2838 1230 2913 ἀνέπεισε
1252 2854 1381 2930 §tryum-

258 2954 384 3040 pqodelv
407 2943 499 3038 unicui
526 2949 568 3017 τὰ
595 2948 712 3018 πολλὰ
739 2959 769 3018 in
791 2959 867 3018 Piso.
884 2961 924 3020 26
947 2977 965 3017 a
987 2959 1122 3034 Diogene
1145 2957 1259 3016 crimini
1282 2955 1381 3016 datur.

258 3065 364 3140 ltaque
395 3081 454 3123 non
485 3066 530 3121 est
552 3079 606 3121 eur
627 3079 682 3138 pro
705 3051 861 3138 Κωμικός
883 3061 1032 3121 scribatur
1048 3047 1213 3136 Κυνικός,
1243 3058 1273 3118 id
1296 3057 1380 3134 quod

258 3165 354 3225 voluit
377 3162 546 3224 Meinekius
574 3163 604 3222 iu
632 3163 701 3223 add.
724 3168 754 3224 et
776 3181 852 3223 corr.
875 3163 911 3222 ad
935 3181 1008 3223 eom.
1030 3161 1080 3223 (ir.
1103 3162 1117 3220 I
1138 3179 1166 3237 p.
1182 3165 1245 3222 494
1267 3162 1297 3220 in
1320 3161 1381 3222 vol.

258 3269 294 3346 V,
315 3286 344 3344 p.
363 3271 418 3328 ln:
455 3267 564 3326 etenim
603 3267 762 3342 Menippus
799 3266 930 3343 Cynicus
968 3257 1233 3340 σπουδογέλοιος
1268 3263 1380 3340 optime

258 3370 404 3429 nominari
426 3372 547 3446 poterat
562 3357 727 3445 Κωμικός.
772 3367 934 3426 Statuimus
950 3366 1042 3442 igitur
1057 3345 1230 3442 Menippum
1247 3366 1381 3424 earmina

258 3472 408 3550 pepigisse
437 3472 510 3530 iocis
538 3469 588 3529 vel
617 3467 805 3529 contumeliis
835 3467 961 3539 referta,
992 3470 1083 3546 atque
1106 3467 1207 3528 eadem
1231 3469 1261 3526 in
1282 3467 1381 3544 pbilo-

258 3575 369 3652 sophos
405 3575 591 3651 potissimum
628 3572 708 3631 faeta
746 3589 811 3631 esse
848 3587 884 3631 ex
920 3569 1014 3632 titulis
1044 3571 1188 3631 librorum
1220 3570 1378 3630 concludo.

259 3677 375 3737 Etenim
408 3675 557 3752 (lercopss
593 3673 761 3751 appellasse
796 3672 990 3751 philosophos
1018 3671 1137 3732 videtur
1165 3673 1202 3733 ob
1230 3673 1380 3752 astutiam,

252 3764 361 3854 ’Όφεις
393 3779 431 3838 ob
464 3778 643 3838 virulentam
676 3776 898 3853 malignitatem.
947 3760 1055 3850 Ὄφεις
1086 3778 1185 3836 autem
1219 3775 1378 3853 Menippus

258 3879 453 3957 philosophos
469 3879 538 3939 item
554 3879 707 3940 nominare
723 3879 820 3955 potuit
833 3873 977 3937 irridendi
993 3893 1093 3960 cause,
1107 3878 1185 3937 sicut
1199 3875 1379 3950 Aristides⁴l

256 3993 326 4042 'curn
349 3982 539 4059 serpentibus
560 3981 756 4058 philosophos
776 3997 848 4043 suae
870 3980 976 4040 aetatis
989 3979 1183 4056 comparent.
1226 3972 1306 4038 Nolo
1321 3978 1379 4038 boc

346 4147 366 4208 ¹)
385 4131 428 4198 ed.
446 4142 523 4198 Suid.
542 4142 621 4197 lexic.
639 4143 676 4210 11,
694 4158 721 4211 p.
734 4146 792 4196 784.

344 4231 368 4294 ²)
384 4227 450 4282 bist.
468 4229 528 4283 erit.
547 4241 616 4282 eom.
635 4243 661 4295 p.
675 4229 732 4280 527.

344 4315 368 4381 ³)
385 4310 419 4366 ef.
438 4311 561 4367 Lobeck.
588 4309 729 4380 Aglaopb.
756 4327 783 4380 p.
796 4313 854 4364 977.

343 4399 366 4466 Δ)
384 4397 438 4450 Pro
456 4395 650 4463 Quutuorviris
668 4412 695 4465 p.
708 4398 794 4465 313,2
812 4394 861 4463 (ll,
879 4412 906 4464 p.
919 4399 968 4448 410
986 4396 1029 4450 ed.
1048 4397 1151 4463 Dine).

1356 4209 1427 4235 *sq
