3052 5036
1230 410 1269 473 37

152 591 224 656 000
253 595 318 654 erut
347 610 414 652 cnm
444 591 518 652 aliae
546 589 793 668 philosophorum
816 589 990 668 disciplinae
1012 591 1072 648 tum
1096 587 1268 664 Gyniemum

151 697 306 774 coguovit:
343 698 408 756 erat
442 695 577 772 Diogene
608 692 730 754 Laertio
745 689 767 765 ¹)
798 698 922 754 anctore
956 679 1175 769 πολύτροπος
1213 683 1270 748 καὶ

150 786 311 876 σοφιστὴς
331 791 486 867 ποικίλος
507 789 561 855 καί
585 789 743 865 πλείστας
764 778 918 873 ἀφορμὰς
937 781 1092 863 δεδωκὼς
1106 798 1177 862 τοῖς
1192 787 1269 864 βου-

151 893 304 978 λομένοις
326 887 602 973 καθιππάζεσθαι
625 891 841 972 φιλοσοφίας·
865 887 901 956 ἔν
923 905 987 956 τισι
1010 887 1046 953 δὲ
1068 888 1124 953 καὶ
1145 910 1270 971 πομπι-

150 991 210 1073 κὸς
239 997 296 1061 καί
323 987 513 1061 ἀπολαῦσαι
541 991 652 1076 τύφου
689 989 890 1078 ὁονάμενος.·
924 998 1024 1076 paullo
1059 1000 1158 1058 autem
1191 994 1270 1056 inira

150 1102 192 1177 (4,
214 1102 267 1178 52)
290 1104 365 1166 hacc
387 1107 571 1180 sequnntur:
598 1088 641 1181 ἦν
672 1095 708 1161 δὲ
738 1096 793 1160 καὶ
820 1089 1001 1194 θεατρικὸς
1026 1093 1083 1159 καὶ
1105 1088 1211 1169 πολὺς
1233 1089 1270 1156 ἐν

149 1200 199 1284 τῴ
229 1199 352 1284 γελοίῳ
381 1200 579 1286 διαφορῆσαι
601 1237 652 1264 -.
676 1190 801 1283 εὐφυὴς
831 1193 893 1282 γὰρ
921 1195 962 1282 ἡν
985 1197 1040 1261 καὶ
1062 1195 1268 1280 παρῳδῆσαι.

150 1309 323 1386 Menippum
345 1327 419 1370 vero
441 1313 562 1386 praeter
584 1314 702 1368 ceteros
724 1307 858 1367 Timonis
878 1304 1003 1366 Phliasii
1024 1304 1159 1382 aequalis
1180 1301 1268 1363 Silius

23 1475 24 1478 ,
149 1409 301 1471 lectitasse
324 1411 515 1483 crediderim,
538 1429 554 1470 e
577 1411 686 1489 quibus
708 1409 921 1487 amplissimum
944 1412 1121 1486 apparatum
1145 1406 1199 1466 sibi
1223 1423 1268 1464 as·
1355 1405 1358 1410 ’

23 1509 24 1536 ²
148 1513 285 1592 sumpsit,
305 1518 447 1574 venustas
469 1514 592 1574 Homeri
614 1512 770 1590 parodias,
800 1511 999 1572 acutissimam
1022 1510 1266 1588 philosophorum

148 1615 427 1690 reprehensionem,
460 1615 584 1677 formam
620 1616 708 1674 etiam
744 1613 854 1692 dialogi
890 1615 919 1674 in
951 1613 1034 1674 libris
1068 1611 1187 1689 quidem
1218 1629 1268 1671 ex·

148 1716 264 1776 tremis:
286 1717 420 1795 Diogene
435 1716 557 1795 quidem
572 1717 692 1778 Laertio
703 1713 726 1793 2)
748 1720 825 1777 teste
848 1717 1010 1794 scripserat
1031 1715 1079 1796 ille
1098 1718 1159 1775 tres
1175 1713 1268 1774 libros

147 1818 302 1892 Siderum,
333 1821 443 1898 quibus
471 1821 502 1881 iu
534 1819 720 1898 dogmaticos
750 1837 853 1880 omnes
882 1818 1041 1879 maledicta
1072 1823 1103 1878 ct
1133 1815 1268 1877 convicia

148 1920 319 1998 ingerebat,
342 1940 448 1984 versus
469 1927 604 1983 veterum
628 1927 785 2000 poetarum
808 1915 942 2001 parodiis
963 1919 1140 1981 deflectens:
1163 1937 1200 1978 ex
1223 1916 1268 1977 hie

21 2069 23 2120 ξ
147 2023 261 2099 primus
281 2024 400 2102 planam
415 2029 506 2103 atque
521 2027 709 2104 perspicuam
733 2025 863 2086 habebat
876 2024 1104 2100 enarrationem,
1119 2018 1268 2081 secundus

147 2129 248 2186 autem
270 2130 300 2188 et
322 2126 429 2189 tertius
452 2127 562 2204 dialogi
585 2129 714 2206 speciem
736 2127 888 2188 tenebant.

232 2246 366 2308 Parodiis
393 2247 485 2323 igitur
507 2248 680 2325 Menippum
709 2265 796 2307 neum
827 2265 892 2307 esse
920 2251 950 2308 et
969 2230 1016 2306 'ex
1037 2243 1163 2306 Luciuni
1186 2242 1267 2303 testi-

146 2347 246 2408 monio
268 2349 331 2410 sive
353 2349 482 2426 imagine
505 2350 637 2427 Menippi
666 2349 705 2409 ab
734 2349 785 2409 illo
813 2367 957 2427 expressa
983 2352 1074 2408 etex
1096 2345 1266 2423 aequalium

146 2465 229 2531 more
251 2450 411 2529 studioque
440 2451 581 2531 parodias
610 2451 776 2528 usurpandi
803 2452 962 2513 verisimile
989 2450 1119 2510 videtur.
1163 2449 1267 2509 Restat

146 2555 181 2611 ut
202 2570 299 2629 pauca
322 2553 465 2614 disseram
488 2554 526 2615 de
548 2554 675 2631 dialogo.
720 2555 836 2615 Etenim
860 2555 947 2615 etiem
970 2553 1080 2628 dialogi
1096 2550 1265 2613 formulam

145 2654 274 2731 scriptos
292 2653 394 2716 tuisse
417 2657 549 2733 Menippi
578 2657 673 2717 libros
701 2675 756 2735 pro
788 2660 869 2716 certo
892 2655 1117 2732 affirmaverim,
1138 2654 1264 2730 primum

145 2756 227 2832 quod
249 2757 327 2818 iuter
344 2757 484 2838 Menippi
507 2759 612 2837 Cynici
634 2760 747 2836 scriptu
769 2747 968 2835 Συμπόσιον
990 2757 1138 2818 laudatur.
1182 2754 1266 2831 Sym·

144 2859 295 2934 posiorum
325 2866 423 2921 autem
453 2860 518 2922 fere
548 2880 584 2922 ea
605 2861 662 2921 init
683 2861 775 2933 ratio,
799 2866 832 2922 ut
854 2861 988 2922 homines
1009 2861 1109 2938 plures
1132 2857 1266 2919 introdu-

145 2965 286 3022 cerentur
315 2961 352 3022 de
383 2963 506 3023 materia
535 2965 675 3041 quapiam
705 2965 863 3042 proposita
888 2963 1073 3024 familiariter
1095 2962 1173 3022 inter
1197 2978 1265 3021 con-

143 3059 256 3122 vivium
287 3063 475 3142 disputantes
505 3068 535 3126 et
565 3069 707 3143 tunquam
734 3066 870 3127 fabulam
892 3071 1025 3144 agentes.
1068 3066 1145 3125 Tum
1167 3064 1264 3125 Varro

143 3181 237 3242 saepe
259 3167 444 3227 sermonibus
465 3185 538 3228 usus
565 3171 610 3228 est
637 3169 667 3227 in
694 3167 794 3229 satiris
817 3169 991 3247 Menippeis
1034 3167 1264 3244 Apertissimum

143 3271 244 3326 autem
274 3267 417 3328 indicium
448 3268 674 3346 deprehendere
705 3271 776 3330 mihi
804 3271 888 3332 visus
910 3289 975 3331 eum
998 3287 1065 3330 cnm
1087 3270 1117 3330 in
1139 3267 1266 3328 Luciani

142 3369 261 3429 ratione
290 3370 458 3450 scribendi,
490 3377 553 3433 tum
584 3374 613 3432 in
649 3391 685 3434 eo
716 3373 797 3451 quod
828 3375 1054 3452 Necyomautea
1081 3371 1148 3449 illa,
1179 3370 1264 3431 cuins

143 3454 331 3550 ἄρχέτοπος
353 3474 451 3551 imago
479 3476 551 3552 quin
576 3474 709 3554 Menippi
731 3462 859 3535 Νεκύια
881 3476 973 3536 fuerit
993 3476 1044 3534 vix
1067 3473 1263 3534 dubitandum

142 3576 196 3645 est,
217 3574 247 3634 iu
271 3575 381 3654 dialogi
404 3575 529 3637 formam
551 3576 674 3638 reductu
696 3582 750 3639 est
793 3577 903 3639 Nescio
926 3595 963 3638 an
983 3578 1091 3637 Timon
1106 3576 1263 3647 Phliasius,

142 3693 233 3752 quam
255 3676 367 3755 dialogi
390 3678 487 3739 forma
509 3681 538 3740 iu
561 3679 641 3742 Sillis
665 3699 750 3741 usum
772 3699 836 3742 esec
859 3679 1048 3759 supradixi,
1078 3679 1136 3739 hoc
1158 3678 1189 3737 iu
1211 3696 1262 3753 ge·

143 3795 215 3839 uere
238 3779 380 3858 Menippo
403 3782 571 3860 exemplum
594 3783 779 3861 praebuerit:
806 3782 958 3861 aptissime
988 3781 1108 3859 quidem
1132 3780 1262 3842 conferri

141 3897 232 3958 posse
253 3881 406 3943 Timonem
430 3889 460 3944 et
481 3884 655 3964 Menippum
678 3882 974 3958 Th.1¹¹ritaschius³)
997 3884 1219 3945 demonstravit

226 4001 333 4079 Itaque
366 4002 424 4064 hoc
457 4001 515 4064 init
551 4021 650 4082 genus
683 4005 833 4067 scribendi
867 4005 1012 4082 Menippi:
1044 4021 1135 4082 prosa
1165 4002 1261 4064 oratio

142 4131 345 4143 ——n-

228 4214 313 4282 ι)1.1.
336 4219 360 4284 1,
378 4219 418 4272 47.

225 4302 248 4367 ²)
267 4304 291 4368 9,
311 4304 367 4357 111.

225 4386 247 4454 ³)
264 4385 312 4441 1.1.
330 4403 357 4458 p.
371 4391 438 4456 deq.
