3052 5036
263 385 302 447 32

261 559 326 621 cad.
349 561 429 620 Post.
445 559 472 636 1,
492 564 524 635 2,
544 562 578 636 8,
600 559 650 620 ubi
674 577 706 620 se
729 560 870 638 Menippo
892 559 1047 632 imitando,
1071 580 1130 621 non
1154 560 1380 639 interpretando

261 662 479 741 philosophiam
501 661 657 723 inchoasse
681 661 845 744 profitetur.

263 837 266 846 ,
345 783 469 843 Praeter
499 783 661 842 Varronem
692 783 876 860 Meleagrum
909 784 1048 844 iuvenem
1078 784 1211 861 Menippi
1244 783 1381 862 vestigiis

259 885 402 946 institisse
426 903 518 962 supra
541 884 677 946 diximus
722 887 769 945 lix
791 885 967 964 fragmentis
989 890 1089 946 autem
1111 887 1161 947 rel
1184 886 1277 948 titulis
1292 886 1381 946 libro·

261 1006 334 1059 rum,
359 986 521 1064 dequibus
538 987 595 1047 hoc
611 989 677 1048 loco
693 989 802 1066 agitur,
822 987 853 1048 id
870 987 957 1048 modo
975 988 1075 1065 colligi
1090 993 1190 1066 potest
1207 987 1380 1066 Menippum

261 1110 327 1150 cum
356 1091 433 1150 seria
455 1078 528 1150 iocis
551 1091 688 1152 misceret
710 1091 886 1168 scriptorem
907 1090 1000 1152 fuisse
1023 1091 1141 1152 dulcem
1164 1095 1256 1169 atque
1276 1095 1382 1168 aptum

260 1192 298 1253 ad
321 1174 496 1254 alliciendos
520 1196 550 1253 et
573 1192 768 1254 delectandos
790 1193 951 1270 legentium
975 1193 1099 1271 animos,
1122 1193 1158 1254 de
1179 1193 1381 1254 formalibro·

260 1315 326 1356 rum
349 1293 576 1372 Menippcorum
598 1295 730 1372 ipsorum
752 1294 822 1356 inde
844 1296 917 1356 uilril
939 1296 1083 1374 sequitur.

346 1415 453 1474 Exstat
478 1420 577 1475 autem
607 1414 713 1476 tertius
742 1416 827 1491 isque
856 1416 1050 1491 gravissimos
1080 1416 1210 1476 imitator
1238 1414 1385 1493 Menippi,

261 1518 421 1594 Lucianus,
444 1516 523 1594 apud
547 1534 635 1593 quern
657 1515 898 1594 frequentissima
921 1521 951 1578 ot
972 1517 1050 1577 vivis
1069 1517 1219 1579 coloribus
1238 1535 1386 1594 expressa

260 1625 306 1681 est
324 1637 455 1698 persona
470 1619 613 1696 Menippi.
656 1619 722 1678 Nec
737 1618 843 1695 fugere
859 1637 1037 1696 quemquam
1053 1623 1153 1696 potest
1175 1619 1212 1680 de
1234 1619 1385 1680 industria

259 1722 425 1783 Lucianum
452 1725 511 1780 tam
542 1720 647 1782 crebro
671 1739 726 1781 nec
748 1722 874 1798 proinde
906 1727 939 1782 ut
965 1723 1073 1783 ceteris
1094 1740 1224 1801 persona
1247 1723 1383 1798 Menippi

261 1843 346 1886 usum
370 1840 443 1883 esse.
487 1824 580 1882 Novit
601 1823 651 1882 ille
673 1822 762 1882 huius
785 1823 889 1902 libros,
920 1824 1029 1901 quibus
1059 1843 1125 1884 cum
1148 1824 1207 1884 alia
1228 1824 1383 1883 hominum

260 1927 410 1987 vitiatum
427 1924 671 2001 philosophorum
686 1925 815 1986 ridicula
831 1930 861 1986 et
875 1927 984 1987 stolida
998 1926 1139 2003 dogmata
1154 1926 1384 2004 perstrinxerat.

260 2030 368 2105 Neque
390 2028 440 2088 illc
463 2028 547 2087 novit
569 2028 681 2104 solum,
712 2047 815 2088 verum
838 2030 924 2090 etiam
949 2029 1081 2090 inritatus
1103 2031 1157 2089 est.
1200 2027 1297 2101 Quam
1319 2027 1385 2086 imi-

261 2130 403 2190 tationem
433 2130 567 2206 Mcnippi
597 2130 660 2206 ipsc
690 2130 761 2189 satis
783 2135 888 2208 aperte
910 2131 1021 2192 indicat
1042 2131 1073 2190 in
1095 2132 1173 2190 Piso
1188 2149 1211 2190 c.
1229 2133 1269 2191 26
1285 2135 1316 2190 et
1330 2130 1383 2189 Bis

261 2235 331 2292 Αοο.
354 2251 379 2292 c.
401 2236 456 2310 33,
491 2250 558 2292 oum
594 2249 626 2291 se
654 2233 788 2310 Menippi
820 2234 1039 2311 cavillationem
1069 2251 1135 2293 curn
1165 2233 1290 2294 aliorum
1317 2237 1382 2291 tum

261 2333 507 2412 philosophorum
550 2339 580 2394 et
601 2332 775 2411 Cynismnm
813 2334 986 2395 imitandum
1024 2335 1079 2396 sibi
1113 2335 1306 2412 proposuisse
1339 2334 1382 2393 ibi

261 2437 342 2496 dicit.
385 2437 456 2513 Sed,
486 2438 515 2496 id
540 2435 621 2513 quod
644 2437 701 2496 hoc
723 2437 788 2497 loco
810 2438 1017 2512 gravissimum
1048 2443 1107 2515 cst,
1137 2437 1225 2498 etiam
1255 2437 1382 2497 formam

261 2540 380 2617 qualem
411 2538 582 2599 adhibuerit
611 2539 641 2597 in
665 2538 749 2599 libris
771 2539 932 2616 Menippus
953 2539 990 2598 in.
1006 2540 1057 2598 Bis
1073 2539 1144 2600 dcc.
1159 2558 1185 2599 c.
1200 2542 1241 2600 33
1271 2537 1383 2614 signifi·
1435 2555 1437 2559 ·

262 2642 342 2702 cavit
364 2646 394 2700 et
417 2659 449 2701 se
472 2642 616 2702 imitatum
639 2659 704 2701 earn
727 2659 794 2702 esse
817 2641 973 2717 professus
995 2643 1060 2702 esti.
1102 2642 1220 2702 Etenim
1236 2641 1382 2716 Dialogus

261 2745 448 2818 aLuciano,
479 2742 549 2804 dnm
579 2744 752 2820 Menippum
782 2745 925 2820 imitetur,
955 2762 987 2803 sc
1018 2745 1096 2804 male
1112 2748 1286 2804 'tractatum
1315 2760 1383 2802 esse

261 2846 307 2906 lris
328 2846 428 2906 vorbis
457 2864 587 2924 querens
617 2845 784 2906 inducitur:
814 2831 855 2904 τὸ
886 2835 947 2924 γὰρ
976 2835 1118 2904 πάντων
1146 2832 1383 2916 ἀτοπώτατον,

261 2942 380 3027 κρᾶσίν
402 2965 478 3007 τινα
503 2937 699 3027 παράδοξον
720 2942 883 3027 κέκραμαι
905 2941 962 3006 καὶ
992 2937 1072 3006 οὔτε
1094 2938 1195 3024 πεζός
1217 2942 1281 3025 εἰμι
1304 2933 1383 3006 οὔτε

261 3042 316 3109 ἐπὶ
327 3047 398 3109 τῶν
408 3044 541 3130 μέτρων
551 3045 687 3130 βέβηκα,
703 3034 789 3109 ἀλλὰ
805 3035 1081 3127 ἱπποκενταύρου
1098 3045 1194 3129 δίκην
1212 3038 1383 3109 odorato

261 3170 294 3210 τι
316 3147 373 3210 καὶ
396 3147 496 3228 ξένου
525 3142 637 3231 φάσμα
666 3159 737 3224 τοῖς
769 3136 929 3212 ἀκούουσι
959 3147 1060 3212 δοκῶ.
1105 3151 1173 3227 Quo
1196 3154 1260 3214 loco
1282 3142 1385 3228 πεζὸς

263 3275 322 3316 non
346 3256 384 3316 nd
408 3257 548 3317 humilem
578 3258 795 3334 vulgaremque
819 3273 904 3317 usuro
928 3255 1056 3332 dicendi,
1078 3254 1132 3316 sed
1154 3255 1192 3315 ad
1215 3273 1384 3316 sermonem

263 3359 367 3435 utique
400 3360 566 3436 prosaicum
601 3359 752 3433 pertinere
785 3377 821 3440 ea
854 3375 932 3432 quac
968 3363 1164 3435 opponuntur
1196 3345 1297 3428 „nite
1326 3348 1385 3414 ἐπὶ

261 3456 333 3519 τῶν
354 3455 485 3539 μέτρων
508 3452 654 3538 βέβηκα“
680 3458 811 3518 dilucide
827 3458 1002 3530 ostendunt;
1025 3477 1125 3535 neque
1146 3478 1216 3520 vero
1230 3459 1288 3520 illis
1303 3447 1384 3518 οὔτε

261 3551 361 3638 πεζός
395 3555 459 3639 εἰμι
492 3549 570 3620 οὔτε
602 3552 658 3618 ἐπὶ
685 3557 756 3618 τῶν
784 3553 916 3638 μέτρων
949 3555 1076 3639 βέβηκα
1105 3562 1194 3622 talem
1226 3547 1399 3638 utriusque

263 3665 407 3724 sermonis
430 3663 634 3724 confusionem
657 3660 829 3738 significari,
851 3662 946 3738 qualis
961 3663 1000 3722 eit
1015 3664 1045 3722 in
1061 3663 1114 3722 illa
1128 3660 1212 3739 πεζῇ
1224 3661 1385 3742 ποιητικῇ

264 3785 324 3843 quo
347 3767 465 3826 nomine
480 3765 635 3825 Lucianus
645 3761 668 3836 ¹)
691 3782 790 3825 rerum
805 3771 956 3840 gestarum
972 3764 1126 3825 historiam
1142 3784 1232 3843 prosa
1247 3768 1383 3826 oratione

264 3867 384 3945 quidem
422 3867 621 3942 conscriptam
655 3866 706 3925 sod
739 3867 839 3926 verbis
872 3867 988 3942 poetice
1021 3868 1175 3929 senatibus
1210 3869 1384 3930 abutentem

265 3972 419 4048 designet,
454 3973 536 4030 recte
569 3965 720 4041 Riesins²l
756 3974 993 4046 argumentatur.
1047 3971 1152 4047 ltaque
1185 3973 1322 4047 prosaico
1355 3977 1387 4032 et

266 4073 386 4153 poetico
418 4089 555 4134 sermone
578 4071 712 4148 Menippi
743 4070 858 4132 libellos
887 4071 978 4136 muse
1008 4071 1189 4150 compositos
1219 4073 1385 4134 eaniani

351 4273 370 4335 ¹)
388 4270 456 4333 Πῶς
473 4272 519 4324 δεῖ
535 4263 665 4340 ἱστορίαν
683 4262 871 4340 συγγράφειν,
889 4284 913 4324 c.
925 4272 950 4324 8.

349 4357 371 4424 ²)
388 4357 406 4409 l.
420 4355 437 4410 l.
459 4371 487 4424 p.
502 4359 540 4410 12.
