3052 5036
268 418 306 478 lli

265 591 346 668 qnod
371 592 522 666 Diogenes
545 591 708 670 respiciens
731 591 874 652 maledice
897 593 1171 670 contumelioseque
1193 593 1325 669 loquitur
1348 593 1386 662 de

265 695 379 770 origine
408 693 574 771 Sinopensi.
625 693 692 768 Quo
723 695 810 755 modo
840 701 937 754 antem
970 695 1079 756 factum
1103 697 1142 757 sit
1169 702 1202 758 nt
1223 697 1273 756 illc
1295 714 1385 756 manu

264 797 441 873 mitteretur,
463 815 523 856 non
540 796 612 856 satis
626 803 767 874 apparet:
790 797 942 874 Diogenes
965 798 1084 875 quidem
1106 798 1178 859 nihil
1194 798 1275 860 aliud
1292 798 1386 860 refert

263 918 351 976 quam
367 901 513 974 pecuniae
528 917 595 958 eum
612 899 834 976 cupidissimum
849 899 1023 977 impetrasse
1040 907 1073 962 ut
1086 902 1249 962 Thebanus
1260 899 1385 972 =fieret¹)

263 1002 351 1061 Certe
382 1007 411 1061 ct
441 1002 606 1062 libertatem
639 1004 765 1079 adeptus
795 1006 840 1062 est
871 1008 901 1062 st
931 997 983 1062 diu
1015 1005 1044 1065 in
1068 1004 1194 1066 Graecia
1216 1005 1297 1064 vixit
1340 1004 1383 1064 lbi

263 1123 353 1180 qnum
388 1100 536 1181 ναυτικῷ
569 1090 662 1182 τόκῳ
695 1099 858 1181 δανείζειν
889 1099 945 1164 καὶ
979 1095 1239 1184 ἐξενεχυριάζειν
1272 1107 1385 1168 soleret

260 1188 545 1286 ἡμεροδανειστὴν
580 1213 719 1268 vocatum
757 1225 824 1266 enm
862 1224 928 1268 esse
965 1209 1050 1266 testis
1087 1214 1134 1268 est
1166 1204 1384 1286 hermippusfl)

262 1309 418 1368 Maritimis
440 1315 538 1368 autem
563 1309 662 1368 usuris
684 1309 840 1385 pecuniam
869 1314 999 1370 mutuam
1023 1309 1095 1370 dare
1119 1327 1183 1370 cum
1208 1309 1381 1370 fructuosis·

262 1412 367 1470 simum
389 1414 451 1469 tunt
476 1413 599 1487 propter
621 1411 750 1487 piratas,
772 1415 980 1487 tempestates,
1010 1412 1083 1472 alias
1105 1431 1213 1472 causas
1236 1412 1382 1489 periculo-

261 1514 404 1572 sissimum
443 1511 536 1571 fnisse
571 1510 704 1574 videtur:
745 1513 847 1589 itaque
886 1532 952 1574 cum
983 1515 1082 1574 cantio
1113 1514 1252 1574 creditori
1282 1515 1383 1574 oblata

262 1616 379 1676 lubrica
401 1614 487 1690 qnasi
509 1617 601 1690 atque
616 1615 730 1674 incerta
745 1619 829 1690 esset,
853 1617 997 1676 maximae
1013 1615 1221 1692 pendebantur
1238 1613 1381 1687 usuraed)

261 1718 328 1791 Quo
351 1717 468 1792 quidem
492 1715 598 1776 fenore
626 1717 793 1777 exercendo
819 1715 1032 1795 repulsione
1053 1708 1202 1798 χρήματα
1223 1703 1381 1796 ἀθροῖσαι

261 1821 433 1896 Menippum
461 1821 620 1879 memoriae
648 1825 693 1878 est
714 1820 873 1896 proditum.
919 1822 1103 1882 Versabatur
1125 1825 1223 1882 antem
1246 1821 1380 1898 inprimis

261 1920 428 1992 Lruciano⁴)
450 1926 574 1981 auctore
596 1921 729 1982 Corinthi
756 1921 787 1980 in
811 1921 920 1982 Granio
948 1927 977 1982 et
999 1924 1124 1986 Athenis
1146 1925 1175 1985 in
1199 1925 1302 2000 Lycio.
1345 1924 1378 1984 ln

260 2023 369 2084 Granio
385 2024 537 2100 Diogenes
560 2025 670 2082 morari
692 2023 807 2085 solebat
822 2024 963 2102 Cynicus,
986 2027 1072 2089 cuius
1093 2025 1277 2104 potissimum
1294 2025 1379 2086 disci-

259 2127 350 2201 pulus
373 2124 532 2202 Menippus
563 2129 636 2184 erat.
688 2127 722 2185 ln
744 2126 839 2202 Lycio
868 2135 982 2201 antem,
1014 2127 1270 2188 Aristotelicorum
1300 2127 1380 2204 scuto,

261 2247 319 2288 non
351 2229 448 2286 minus
480 2245 569 2303 quam
601 2228 630 2286 in
663 2226 771 2288 Granio
802 2228 995 2290 vehementer
1027 2235 1119 2306 atque
1152 2230 1258 2290 acerbe
1287 2228 1380 2307 philo-

258 2331 374 2406 sophos·
408 2331 534 2390 irrisisse
565 2329 693 2390 videtur.
750 2330 808 2392 Sed
839 2350 904 2391 cum
937 2333 1055 2408 longius
1085 2335 1184 2392 aetate
1212 2333 1270 2392 iam
1301 2335 1380 2392 esset

259 2437 422 2509 provectus
446 2433 493 2492 vel
522 2432 621 2508 potius
652 2433 858 2494 consenuisset
887 2438 917 2492 et
944 2438 977 2495 nt
997 2437 1027 2498 in
1051 2435 1139 2496 tertia
1161 2433 1250 2496 huius
1272 2434 1378 2496 disser-

259 2535 378 2596 tationis
401 2540 485 2613 parte
509 2535 678 2594 accuratius
701 2533 907 2596 disserendum
930 2540 989 2612 cst,
1020 2553 1109 2612 quam
1136 2536 1257 2613 fragiles
1280 2541 1380 2596 essent

259 2643 289 2697 et
316 2638 447 2698 caducae
479 2655 526 2696 res
556 2636 703 2698 humanae
733 2637 938 2714 perspexisset
967 2639 1102 2716 iniquum
1126 2639 1214 2702 fartus
1237 2655 1379 2700 exsiccare

259 2738 404 2800 desierat:
437 2757 544 2818 serres,
565 2739 684 2816 qualem
707 2740 860 2802 Lucienus
882 2727 949 2800 cum
972 2741 1101 2818 inducit,
1123 2740 1274 2802 hominum
1297 2741 1378 2816 cupi·

259 2842 402 2902 ditatibns
424 2846 514 2918 atquc
537 2841 643 2902 studiis
665 2844 752 2902 vanis
773 2843 814 2902 ita
836 2840 988 2918 illudebat,
1011 2847 1044 2904 ut
1065 2841 1268 2908 feneratorem
1290 2843 1378 2904 etiam

258 2949 410 3005 tumeam
437 2944 527 3004 fuisse
551 2944 630 3005 haud
655 2944 742 3006 facilc
764 2924 922 3022 qnisquam
946 2945 1065 3024 credat,
1095 2946 1151 3006 nisi
1173 2945 1249 3006 forte
1271 2946 1377 3006 Lucia·

259 3067 329 3107 num
353 3066 469 3108 errasse
491 3051 543 3108 ant
574 3066 648 3107 vera
675 3047 838 3108 mendaciis
868 3047 1087 3108 contaminasse
1110 3048 1289 3125 putabimus.
1333 3049 1377 3106 lix

258 3170 294 3211 co
318 3153 415 3210 anilem
439 3155 573 3228 tempore
596 3169 656 3227 quo
679 3151 822 3225 pecunias
851 3149 957 3226 grandi
985 3149 1090 3211 fertore
1112 3156 1238 3212 auxerat
1259 3151 1289 3210 in
1311 3168 1378 3227 per·

199 3253 202 3260 ’
257 3258 379 3330 pelunm
402 3253 547 3313 haerebat
569 3271 735 3329 cognomen
761 3252 834 3312 illud
863 3240 1162 3332 ἡμεροδανειστοῦε
1196 3271 1293 3330 neque
1325 3251 1378 3312 du·

257 3354 338 3415 bium
368 3374 433 3416 csse
463 3359 561 3433 potest
590 3357 661 3431 quin
697 3355 755 3414 boc
788 3355 852 3432 ipso
886 3354 1064 3430 cognomine
1098 3355 1169 3416 dato
1203 3355 1376 3432 Menippum

258 3456 278 3516 ii
319 3475 394 3534 quos
434 3456 549 3518 facetiis
588 3458 732 3518 obruerat
762 3455 867 3517 ludere
898 3456 1084 3532 studuerint,
1116 3475 1182 3518 cum
1212 3456 1378 3517 indicarent

257 3564 443 3637 quantopere
466 3559 653 3636 discreparet
673 3557 777 3636 Gynici
801 3557 920 3618 vivendi
943 3559 1020 3617 ratic
1044 3558 1080 3618 ab
1102 3559 1196 3635 ipsius
1218 3557 1377 3636 disciplina

257 3666 347 3737 atque
376 3661 574 3738 philosophia.
625 3659 727 3734 Quid?
758 3660 839 3737 quod
869 3666 1018 3737 postremo
1050 3678 1116 3719 cum
1147 3661 1225 3720 ultro
1253 3666 1375 3721 mortem

257 3764 454 3841 appetivisset
484 3761 630 3823 invidiose
661 3762 701 3823 illi
732 3763 929 3839 argumentati
953 3780 1087 3821 macrore
1109 3767 1234 3841 propter
1256 3763 1376 3822 divitias

172 3910 173 3914 ,
257 3865 381 3926 amissas
412 3865 581 3926 confectam
615 3865 723 3941 laqueo
756 3882 824 3924 eum
858 3865 948 3923 vitam
986 3861 1117 3926 finivisse
1150 3863 1376 3938 tradiderunt.⁵)

341 4047 364 4110 ⁵)
382 4041 417 4097 cf.
436 4045 518 4110 Diog.
536 4045 625 4097 Lacrt.
644 4047 668 4110 c,
681 4046 721 4096 99.

344 4132 364 4194 ¹)
381 4143 424 4198 ap.
441 4127 524 4196 Diog.
544 4129 634 4182 Laert.
653 4132 676 4194 n,
690 4132 739 4189 99„

340 4216 362 4278 ²)
381 4213 418 4266 cf.
436 4213 504 4268 Poll.
522 4217 610 4280 3,115
629 4218 658 4266 et
674 4212 801 4282 Xenoph.
820 4213 855 4268 de
873 4220 946 4268 vect.
963 4219 987 4278 3,
1000 4218 1024 4268 9.

341 4301 363 4366 ³)
381 4297 460 4353 Mort.
478 4298 550 4353 Dial.
573 4304 593 4365 1,
608 4303 630 4352 t.

341 4387 363 4453 ⁴)
381 4399 425 4454 ap.
444 4385 525 4454 Diog.
544 4386 634 4438 Laert.
653 4390 677 4453 c,
693 4390 748 4439 100.
