3052 5036
1225 431 1265 493 39

145 603 224 663 iuter
238 623 264 663 a.
279 603 342 665 iere
357 603 574 666 OOC-OOXL
591 604 682 664 fuisse
698 605 872 681 Menippum
889 603 1088 679 Gadarenum,
1112 605 1163 681 qui
1178 605 1266 682 Oyui·

147 724 249 765 eorum
280 706 469 784 disciplinam
501 705 656 790 professus
679 707 741 766 risu
766 706 912 766 movendo
936 707 1043 768 eeteris
1065 707 1214 784 praestitit
1237 711 1267 767 et

147 809 177 868 in
200 810 342 886 aequales
366 813 395 869 et
417 809 603 869 sermonibus
626 813 656 869 et
679 809 760 870 libris
776 809 936 870 insultavit
980 809 1095 869 Deinde
1118 811 1267 888 explicavi

138 910 264 987 ¹qualem
286 909 418 970 'formam
450 911 517 971 libri
549 910 707 970 habuerint
736 914 766 970 et
795 930 882 987 quem
913 913 943 970 iu
975 911 1094 972 medum
1117 913 1212 972 Varro
1238 916 1267 971 et

147 1012 299 1072 Lucianus
332 1013 518 1089 potissimum
552 1011 663 1074 formas
696 1014 813 1073 illerum
848 1015 1072 1090 sententiasque
1110 1013 1267 1074 imitandas

147 1115 204 1174 sibi
224 1115 442 1192 proposuerint
487 1113 775 1200 Vidimus-denique
798 1134 878 1189 eum,
909 1117 958 1192 qui
982 1134 1078 1190 genus
1100 1115 1173 1176 illud
1197 1116 1266 1175 seri·

148 1216 237 1279 bendi
260 1235 298 1276 ex
320 1235 410 1293 presa
432 1217 567 1276 eratione
584 1221 681 1293 atque
702 1218 784 1294 poesi
808 1218 931 1278 mixtum
953 1217 1133 1295 dialegeque
1155 1218 1267 1278 inserto

149 1319 308 1394 expolitum
336 1318 502 1382 pendiderit
532 1320 581 1380 vel
611 1319 723 1396 primus
747 1320 952 1396 usurpaverit,
975 1339 1041 1380 eum
1064 1321 1206 1396 aequales
1229 1320 1267 1379 ad

150 1439 250 1484 veram
273 1417 413 1484 virtutem
444 1441 504 1481 uon
536 1422 669 1482 revecari
691 1440 780 1499 posse
803 1422 926 1484 vidisset
948 1423 1086 1499 idemque
1109 1423 1138 1482 in
1162 1422 1266 1482 multe-

149 1541 214 1584 rum
236 1523 378 1582 inuidiam
402 1527 432 1584 et
454 1523 552 1586 edium
576 1525 714 1596 venisset,
737 1525 816 1584 ultre
838 1527 923 1586 morti
940 1543 1004 1586 sese
1021 1525 1161 1586 obtulisse
1177 1529 1267 1601 atque

150 1642 194 1700 ea,
216 1643 293 1701 quae
317 1626 458 1686 memoria
480 1625 570 1702 digua
592 1626 771 1704 perseuerat,
799 1627 865 1686 aliis
890 1626 1087 1704 vituperanda
1110 1632 1140 1685 et
1161 1626 1267 1704 depra-

149 1725 258 1799 vanda,
281 1727 344 1788 aliis
367 1726 542 1788 admiranda
565 1731 595 1786 et
616 1727 760 1788 imitanda
782 1728 944 1805 reliquisse.
