3052 5036
244 386 321 448 10'

243 539 370 620 intere.
393 561 799 622 ccc-Ouxxxxmnse:
830 563 951 640 ponitur
980 562 1057 624 enim
1087 561 1167 641 apud
1196 561 1362 639 Diogenem

243 663 320 724 inter
342 662 555 742 Hipparchiam
579 669 609 725 et
623 664 839 744 Menedemum,
883 665 1066 743 Hipparchia
1085 669 1185 727 autem
1201 664 1364 736 Maronitis,

243 763 395 826 Metroelis
425 785 526 843 seror,
556 767 744 827 sermonibus
766 767 911 844 Cratetis,
939 765 1078 845 discipuli
1100 767 1244 844 Diogenis
1265 767 1363 828 Theo

243 867 419 944 phrestique
442 869 582 944 aequalis,
605 869 656 946 qui
679 888 705 928 a.
720 887 746 930 o.
768 868 897 931 OCGXX
919 869 1034 946 floruit,
1056 873 1146 946 oapta
1168 872 1198 930 et
1219 871 1253 928 nt
1274 867 1365 946 (iyni-

244 987 345 1030 eorum
375 969 552 1032 institutioni
583 974 674 1049 etque
711 971 867 1032 doetrinae
896 989 961 1032 sese
990 972 1188 1032 committeret
1218 970 1366 1048 perones

245 1076 300 1133 est.
344 1072 429 1146 Quae
445 1090 511 1134 eum
527 1075 569 1134 ita
584 1075 644 1136 sint
667 1094 725 1136 nou
749 1094 767 1134 a
789 1093 861 1136 vero
882 1073 1095 1151 aberrabimus,
1116 1075 1141 1134 si
1164 1093 1189 1134 a.
1204 1073 1269 1134 iere
1291 1072 1365 1134 OOC

246 1193 310 1233 eam
334 1174 426 1234 suisne
451 1176 691 1238 existimabimus.
735 1175 943 1238 Menedemum
966 1195 1038 1238 vero
1061 1177 1196 1254 Melreeli,
1216 1175 1366 1253 discipulo

246 1276 457 1356 Theombroti‚
491 1278 542 1355 qui
573 1278 693 1357 quidem
726 1281 879 1342 Metroolis
911 1279 968 1340 tuit
1000 1278 1136 1357 auditor,
1163 1298 1187 1338 e.
1210 1298 1236 1338 a.
1264 1277 1366 1340 OOLX

245 1379 364 1440 florenti
396 1398 517 1456 operam
547 1380 666 1444 dedisse
689 1382 839 1458 Diogenes
861 1382 1000 1442 Laertius
1023 1387 1050 1454 6,
1067 1385 1107 1444 95
1131 1386 1247 1442 narrat:
1273 1378 1367 1440 fnisse

244 1483 336 1558 igitur
366 1482 572 1544 Menedemum
601 1485 698 1562 ipsum
730 1504 754 1546 e.
777 1505 804 1545 a.
826 1484 986 1546 OOXXXX
1013 1488 1156 1561 apparet,
1189 1481 1366 1562 praesertim

246 1603 313 1644 eum
347 1585 385 1646 ab
414 1585 518 1646 eodem
545 1587 681 1663 Diogene
713 1591 825 1664 6102
855 1575 1017 1648 Koiuirov
1043 1583 1106 1646 τοῦ
1134 1579 1369 1665 Λαμψακηνοῦ

246 1677 403 1766 μαθητὴς
432 1688 611 1765 appelletur.
661 1690 707 1752 Dx
737 1688 783 1750 his
811 1690 903 1766 igitur
932 1689 1204 1767 eomputationibus
1228 1687 1367 1766 sequitur

247 1789 379 1865 Menippi
400 1793 528 1850 aetatem
550 1810 569 1849 e
584 1791 718 1867 Diogene
734 1791 854 1853 Laertio
876 1792 940 1868 ipso
955 1790 1035 1852 inter·
1049 1810 1076 1852 a.
1091 1789 1368 1853 OOC—OGXXXX

247 1891 394 1952 collocari.
438 1892 484 1952 Ae
506 1893 643 1970 profesto
666 1911 733 1954 enm
756 1893 824 1955 aliis
846 1893 981 1970 Cynicis,
1009 1893 1062 1971 qui
1084 1893 1187 1954 eodem
1210 1891 1274 1953 iere
1296 1895 1368 1952 tenr-

247 2012 321 2069 pore
337 1994 485 2074 vixerunt,
508 1995 666 2074 Menippus
681 1997 857 2058 ooniunetus
880 1999 926 2056 est
948 1995 986 2056 ub
1001 1995 1106 2057 eodem
1122 1995 1259 2074 Diogene
1274 1999 1302 2071 6,
1319 1997 1370 2071 96,

248 2097 297 2156 ubi
319 2097 376 2156 etsi
396 2097 438 2158 ita
459 2099 602 2175 seriptum
625 2105 672 2160 est
693 2091 828 2178 ἐγένετο
852 2093 908 2158 καὶ
930 2093 1109 2169 Μένιππυς
1132 2086 1309 2167 Σινωπεὺς
1331 2089 1370 2155 ἐν

249 2184 363 2271 αὐτοῖς
384 2190 551 2280 ἐπιφανὴς
572 2207 672 2262 tamen
694 2207 728 2264 ut
748 2207 854 2279 postea
876 2201 1033 2280 explieabo
1055 2205 1158 2262 noster
1180 2199 1289 2261 dieitur
1308 2200 1369 2260 Me·

250 2303 368 2380 nippus‚
389 2304 406 2363 i.
429 2322 454 2363 e.
477 2304 662 2367 Gadarenus.

335 2404 477 2466 Maiorem
488 2412 587 2467 eutem
604 2406 693 2468 fidem
709 2408 779 2468 huie
790 2407 959 2468 sententiae
969 2403 1123 2483 ruyrus),
1138 2399 1371 2483 Lonynskius²)‚

250 2506 282 2568 O.
297 2507 330 2566 F.
346 2505 569 2583 Her·munnus³)
591 2511 643 2570 elii
664 2508 777 2570 addere
800 2513 974 2587 quantaque
997 2507 1088 2569 fuerit
1110 2507 1255 2585 Diogenis
1270 2505 1372 2583 regie

250 2610 351 2685 gentis
388 2611 592 2674 demonstrare
638 2614 737 2674 eonati
780 2617 864 2692 sunt,
899 2631 965 2674 eum
996 2631 1033 2674 es
1063 2614 1164 2672 aetate
1192 2609 1372 2687 scriptorum

251 2730 372 2790 eorsum,
401 2714 454 2791 qui
474 2715 611 2792 Diogene
640 2719 764 2777 auctore
795 2714 834 2776 de
861 2714 995 2791 Menippi
1025 2711 1200 2774 eondieione
1229 2711 1373 2774 sertiores

252 2832 307 2874 nos
329 2814 478 2893 fecissent,
500 2816 578 2878 idem
601 2817 665 2878 fere
681 2822 798 2894 tempus
821 2816 923 2894 colligi
938 2833 1029 2892 posse
1051 2814 1189 2876 dieerent
1208 2831 1269 2892 quo
1285 2812 1372 2888 (iyni-

253 2936 319 2978 eum
342 2919 421 2979 iilum
439 2921 548 2982 vixisse
571 2919 659 2982 mode
681 2920 883 2997 probavimus.
928 2918 987 2994 Qui
1008 2937 1070 2997 quo
1092 2919 1159 2979 iure
1174 2914 1373 2994 argumentati

252 3020 312 3081 sint
333 3040 514 3100 quamquem
537 3022 658 3084 omuino
681 3041 741 3083 non
764 3022 917 3100 intellego,
947 3026 1047 3082 tamen
1069 3022 1248 3098 argumenta
1269 3034 1372 3078 eornm

254 3125 310 3184 hoo
335 3126 406 3187 'loeo
437 3126 554 3188 silentio
583 3124 805 3203 praetereunda
827 3143 887 3184 non
909 3141 976 3186 esse
997 3139 1116 3200 eeneeo,
1137 3121 1264 3199 primum
1287 3123 1320 3180 ut
1338 3135 1375 3178 ea

254 3245 332 3306 quae
366 3228 404 3290 ed
435 3228 526 3290 vitam
554 3229 689 3308 Menippi
719 3227 960 3290 eonstituendarn
990 3225 1115 3289 alieuius
1147 3221 1288 3285 momenti
1314 3221 1375 3281 sint

255 3331 443 3408 colligantur,
459 3331 577 3410 deinde,
592 3331 623 3394 io
638 3331 719 3411 qnod
732 3330 942 3408 gravissimum
958 3332 1011 3400 est,
1027 3332 1060 3389 ut
1075 3329 1230 3388 suetorum
1242 3324 1373 3402 ipsorum

254 3435 304 3511 qui
328 3432 366 3494 de
387 3435 531 3513 Menippo
546 3425 733 3512 seripserunt
756 3430 905 3494 mentione
927 3429 1008 3492 taeta
1022 3433 1185 3507 quaeretur
1206 3444 1277 3489 num
1299 3424 1375 3486 tides

255 3538 289 3597 iis
312 3536 451 3598 habenda
473 3537 518 3598 sit.

340 3640 441 3718 Atque
456 3643 519 3702 tres
540 3638 660 3716 quidem
675 3637 917 3700 reserassent
932 3633 1085 3713 Diogenes
1100 3629 1247 3704 Laertius,
1269 3628 1376 3692 Astrui-

256 3760 337 3816 oum,
359 3743 508 3820 Dionem,
534 3742 740 3820 Hermippum.
785 3741 831 3800 De
852 3737 986 3800 Aehaieo
1017 3751 1170 3813 perpensa
1199 3732 1285 3794 nobis
1305 3734 1378 3792 sunt

256 3845 373 3906 tradita.
424 3845 544 3906 Etenim
572 3848 695 3923 praeter
721 3843 888 3920 Diogenem
926 3856 1004 3900 nnus
1035 3831 1277 3907 respueretur)
1308 3851 1376 3895 eum

344 4047 364 4110 ¹)
384 4043 420 4098 de
446 4041 505 4098 vite
531 4040 698 4111 sumptisque
725 4038 851 4108 Menippi
879 4037 949 4109 Cyn.
975 4041 1006 4092 et
1031 4034 1066 4090 de
1091 4038 1143 4090 sat.
1163 4031 1199 4086 M.
1218 4031 1281 4086 Ter.
1298 4027 1378 4085 Varr.

257 4131 328 4184 Men.
344 4134 528 4283 ’liiiermippi
547 4211 690 4282 Smyrnaei
707 4210 798 4280 Perip.
817 4207 915 4278 fragm.
944 4223 970 4277 p.
980 4211 1005 4260 4.

343 4302 354 4334 ³

345 4302 367 4455 *ζ
384 4298 607 4454 ἒὲᾏὲλιλῗιικῶν
623 4374 821 4454 emanantes
840 4370 1029 4448 Παθημάτων
1046 4377 1133 4444 ptis
1151 4371 1208 4441 (ed.
1227 4365 1379 4436 Gaisiordt
