3052 5036
260 401 300 464 38

259 577 424 654 omnigenis
456 581 608 656 versibus,
639 583 690 659 qui
727 584 869 644 minorem
902 589 1019 663 partem
1049 587 1086 646 ab
1122 586 1187 664 ipso
1217 588 1380 666 compositi,

259 681 413 740 maximam
446 701 483 742 ex
513 685 639 744 aliorum
670 689 825 762 poetarum
858 687 940 748 libris
961 689 1056 766 petiti
1079 694 1181 766 erant,
1207 695 1237 750 et
1260 689 1379 767 dialogo

259 783 397 860 expolita.
442 785 593 847 Lnoianus
607 790 715 860 autem,
738 789 786 849 eui
808 807 906 850 sermo
928 791 1107 869 Menippeas
1129 792 1166 852 ad
1182 792 1379 870 philosophos

258 885 445 960 potissimum
477 888 646 949 irridendos
679 890 804 952 maxime
834 891 961 954 idoneus
990 892 1163 966 videbatur,
1193 895 1251 955 hoe
1280 896 1378 974 ipsum

258 1003 355 1064 genus
389 989 537 1050 scribendi
571 992 699 1053 absolvit
734 997 825 1071 atque
860 993 1105 1073 philosophorum
1140 995 1258 1074 dialogo
1286 1001 1378 1075 atque

258 1089 436 1150 eomioorum
462 1092 529 1153 iooo
559 1093 703 1156 artissime
735 1101 765 1156 et
797 1096 949 1173 aptissime
978 1096 1137 1159 ooniuuoto
1165 1098 1204 1159 ad
1235 1113 1378 1161 summam

258 1192 342 1268 quasi
370 1192 582 1270 perfectionem
611 1197 761 1273 perduxit.
803 1199 910 1276 Neque
938 1199 1378 1274 eninreeteoasaubonus1)

257 1311 294 1353 ex
316 1294 389 1355 Lue.
411 1298 510 1357 Prom.
524 1299 547 1376 1,
563 1304 591 1361 6.
608 1318 651 1376 sq.
674 1301 790 1377 colligit
812 1301 978 1362 Lueiannm
1002 1320 1127 1380 prorsus
1151 1320 1260 1364 norum
1282 1321 1379 1382 genus

257 1398 406 1459 scribendi
437 1399 595 1462 invenisse.
644 1403 797 1463 Luoianus
829 1403 949 1480 quidem
980 1404 1099 1482 dialogo
1127 1424 1193 1467 eum
1223 1406 1379 1468 oomoedia

258 1501 416 1560 eoniunoto
451 1519 517 1562 sese
548 1497 678 1581 γέλωτα
708 1495 859 1583 κωμικὸν
888 1488 957 1564 ὑπὸ
993 1492 1170 1585 σεμνότητι
1198 1497 1380 1586 φιλοσόφῳ

257 1601 366 1664 afferre
391 1603 549 1681 praefatus
579 1606 636 1666 hae
667 1626 728 1666 una
757 1607 892 1685 profecto
919 1608 957 1670 de
985 1627 1077 1670 eausa
1106 1610 1220 1670 nullam
1243 1611 1379 1686 Menippi

257 1705 435 1765 mentionem
458 1706 529 1767 feeit
550 1708 630 1785 quod
653 1710 717 1787 ipse
739 1709 812 1769 furti
834 1709 1023 1772 insimulatus
1045 1717 1119 1790 erat,
1139 1731 1159 1774 a
1178 1731 1238 1790 quo
1254 1712 1380 1772 erimine

256 1805 367 1883 optime
390 1826 421 1868 se
444 1809 592 1870 defendit:
616 1809 655 1871 ibi
677 1811 798 1889 quidem
818 1813 842 1872 si
859 1813 1030 1892 Menippum
1046 1815 1229 1875 nominasset
1242 1813 1379 1875 futurum

256 1908 347 1970 fuisse
370 1915 404 1970 ut
425 1929 517 1971 eausa
539 1930 594 1973 sua
616 1913 691 1972 male
714 1914 836 1975 eederet
858 1915 958 1992 probe
974 1915 1096 1976 solebat

341 2029 425 2090 Haeo
455 2030 546 2092 habui
579 2051 657 2109 quae
687 2033 817 2094 dicerem
849 2034 886 2094 de
916 2035 1026 2111 titulis,
1057 2034 1248 2114 fragmentis,
1280 2034 1380 2096 forma

255 2130 398 2191 librorum
414 2133 651 2213 Menippeorum‚
674 2136 783 2212 quibus
807 2138 925 2196 eumin
949 2137 1054 2196 falsam
1077 2137 1253 2214 religionem
1271 2153 1379 2196 ranas

256 2249 313 2307 qne
344 2233 523 2310 cupiditates
552 2240 613 2297 tum
643 2239 672 2296 in
704 2237 948 2316 philosophorum
972 2238 1141 2317 aequalium
1165 2255 1263 2298 mores
1284 2241 1378 2314 atque

256 2335 328 2394 vitia
361 2337 567 2400 invehebatur.
622 2338 733 2401 Omnes
767 2346 866 2402 autem
901 2342 966 2402 eius
997 2341 1090 2402 libros
1124 2341 1215 2401 multo
1248 2339 1379 2431 refertos

255 2435 348 2498 fuisse
370 2439 433 2499 risn
456 2441 608 2517 Diogenes
630 2443 769 2503 Laertius
793 2447 820 2514 6,
845 2447 883 2504 99
908 2448 1014 2503 auetor
1036 2446 1093 2503 est:
1117 2435 1209 2522 φέρει
1231 2435 1291 2519 μὲν
1313 2433 1379 2502 οὐν

256 2534 444 2600 σπουδαῖον
465 2529 580 2602 οὐδέν·
604 2535 646 2604 τὰ
669 2538 705 2603 δὲ
726 2538 840 2620 βιβλία
863 2528 968 2603 αὐτοῦ
989 2540 1119 2604 πολλοῦ
1142 2537 1379 2623 καταγέλωτος

185 2681 187 2686 ,
211 2719 215 2725 Ι
255 2635 351 2720 γέμει.
400 2646 503 2723 Neque
526 2647 747 2723 praetereunda
769 2647 912 2709 videntur
934 2648 1051 2709 silentio
1075 2647 1166 2708 verba
1181 2667 1259 2724 quae
1273 2647 1378 2724 paullo

254 2748 324 2820 post
344 2747 560 2823 insequuntur:
595 2739 677 2807 ἐ’νιοι
706 2744 741 2808 di
765 2740 807 2808 τὰ
835 2745 946 2822 βιβλία
972 2734 1080 2808 αὐτοῦ
1104 2748 1156 2823 (se.
1180 2745 1377 2822 Μενίππου)

255 2831 320 2905 οὐκ
334 2834 441 2907 αὐτοῦ
458 2838 551 2923 εἶναι,
575 2837 660 2909 ἀλλὰ
677 2847 857 2910 Διονυσίου
872 2846 927 2910 καὶ
943 2841 1112 2927 Ζωπύρου
1128 2847 1377 2927 Κολοφωνίων,

256 2941 289 3007 οἳ
309 2948 372 3009 τοῦ
394 2947 526 3029 παίζειν
549 2943 646 3012 (ἕνεκα
669 2947 824 3013 ἐδίδοσαν
846 2938 938 3034 αὐτῷ
967 2941 1011 3024 ὡς
1042 2933 1078 3012 εὖ
1109 2948 1284 3032 δυναμένῳ
1306 2950 1377 3013 δια-

255 3045 390 3111 θέσθαι.
444 3055 527 3115 Haeo
556 3060 656 3117 autem
687 3057 780 3116 verba
811 3056 849 3115 ad
883 3055 970 3116 lenus
1003 3057 1140 3116 nimirum
1174 3057 1378 3135 Menippeum‚

149 3141 153 3147 ’
255 3153 336 3230 quod
359 3173 419 3230 quo
441 3163 575 3234 tempore
598 3158 636 3218 sit
659 3160 822 3218 exereitum
845 3158 994 3234 qualeque
1015 3157 1106 3218 fuerit
1127 3175 1220 3234 supra
1241 3159 1379 3235 exposui,

254 3261 401 3333 spectant.
445 3260 521 3319 Nam
548 3278 614 3320 eom
637 3260 798 3337 Menippus
826 3260 930 3322 fenore
954 3260 1093 3322 faoiendo
1116 3264 1235 3336 praeter
1258 3263 1377 3320 eeteros

254 3359 389 3432 floreret,
420 3381 438 3420 a
461 3361 653 3438 Colophoniis
681 3382 745 3422 eam
776 3365 814 3423 ob
837 3381 956 3423 eausam
980 3362 1073 3424 libros
1095 3363 1137 3422 illi
1160 3380 1226 3422 esse
1248 3361 1377 3422 traditos

254 3463 404 3538 Diogenes
426 3464 527 3541 refert,
550 3469 583 3524 nt
605 3463 819 3526 exscribendos
842 3484 893 3526 eos
917 3469 1037 3526 our-aret
1058 3465 1289 3542 exscriptoeque
1302 3483 1375 3526 ven·

255 3563 341 3625 deret
369 3564 490 3638 (etenim
515 3561 694 3627 διαθέσθαι
725 3568 782 3627 hoe
804 3569 870 3628 loeo
893 3568 966 3628 nihil
989 3584 1055 3630 esse
1076 3567 1132 3628 nisi
1156 3566 1286 3628 vendere
1309 3585 1376 3644 per·

255 3683 375 3728 suasum
399 3667 516 3741 habeo).
561 3669 779 3748 Comprobatur
802 3671 894 3747 igitur
917 3670 1004 3730 etiam
1028 3670 1085 3730 hoe
1108 3670 1187 3746 loeo,
1207 3672 1322 3746 quanta
1343 3670 1375 3730 in

254 3768 368 3829 inuidia
391 3773 561 3848 aequalium
584 3772 745 3848 Menippus
767 3771 866 3842 fuerit,
889 3789 956 3832 eum
984 3771 1034 3830 vel
1063 3770 1155 3832 libros
1177 3772 1273 3849 ipsum
1297 3789 1373 3832 eom·

255 3872 390 3948 posuisse
413 3880 583 3950 negaretur.

341 3976 401 4035 lam
422 3975 461 4036 ad
484 3976 571 4038 finem
595 3975 811 4036 dissertationis
826 3993 908 4036 meae
930 3976 1061 4052 perveni.
1106 3976 1222 4036 lltenim
1245 3975 1373 4036 testimo·

254 4076 311 4136 niis
332 4095 532 4154 quaeeunque
555 4077 741 4138 aveteribus
764 4077 801 4138 de
817 4079 958 4156 Menippo
982 4078 1140 4138 memoriae
1163 4077 1282 4154 prodita
1304 4083 1374 4138 sunt

254 4180 445 4257 pertractatis
474 4179 719 4258 argumentisque
749 4180 949 4241 recentiorum
972 4179 1148 4242 examinatis
1170 4179 1372 4242 demonstravi

343 4381 362 4444 1)
378 4376 397 4431 1.
409 4377 426 4433 1.
449 4377 485 4446 11,
503 4382 527 4433 n.
549 4393 577 4448 p.
590 4381 648 4432 noe.
