3052 5036
1239 442 1280 507 27

162 616 431 682 πολοτιλέστατα
454 617 678 694 δειπνοῦντας
704 628 737 684 ut
759 623 799 684 ait
822 623 1001 685 Plutarchus
1012 620 1034 697 ¹)
1057 623 1086 683 in
1108 620 1281 682 libidinibus

161 725 246 802 quasi
268 743 333 786 sose
356 725 498 787 effudisse
520 725 680 786 verisimile
704 729 757 787 est.

246 829 329 887 Haec
359 828 450 889 habui
480 847 557 905 quac
588 828 625 888 de
656 830 690 888 iis
722 829 854 906 Menippi
884 828 965 888 libris
994 827 1123 888 dicerem
1154 843 1281 904 quorum

161 929 311 1006 Diogenes
327 929 464 990 Laertius
481 932 660 991 mentionem
682 930 761 991 iacit.
806 933 923 991 Etenim
947 949 982 990 ea
1004 947 1081 1007 quac
1103 929 1179 988 idem
1197 933 1224 1000 6,
1240 931 1280 989 29

160 1032 265 1092 affert:
288 1027 371 1112 φησὶ
393 1025 429 1091 δὲ
450 1026 628 1104 Μένιππος
650 1025 687 1092 ἐν
708 1031 749 1111 τῇ
772 1027 948 1112 Διογένους
971 1018 1095 1111 Πράσει
1117 1031 1282 1110 depravata

160 1151 226 1194 osse
253 1139 326 1210 puto
356 1137 386 1196 st
413 1153 467 1214 pro
490 1129 668 1206 Μένιππος
690 1135 850 1212 legendum
875 1153 940 1196 esse
956 1120 1141 1215 Ἕρμιππος
1164 1151 1282 1194 censeo.

160 1235 295 1311 Legebat
317 1237 439 1298 italam
462 1235 686 1317 Ambrosius²)‚
709 1239 857 1316 interpres
880 1239 1039 1317 Diogenis,
1059 1241 1151 1316 etque
1174 1235 1280 1298 confir-

161 1345 258 1399 matur
279 1341 484 1419 interpretatio
507 1341 557 1402 illa
578 1343 604 1403 J.
626 1338 799 1414 Sambuci³l
822 1361 924 1420 opera,
946 1342 998 1419 qui
1019 1360 1083 1401 eam
1107 1359 1145 1400 er
1167 1341 1282 1418 aliquot

160 1442 380 1518 exemplaribus
413 1445 620 1504 velastissimis
655 1444 842 1505 emendatam
875 1444 1039 1522 repetebat.
1093 1442 1281 1503 Probabatur

161 1542 263 1603 eadem
295 1545 381 1606 lectio
404 1530 590 1624 Ἕρμιππος
605 1549 706 1606 etiam
730 1545 869 1624 Menagio
879 1543 918 1624 ⁴),
940 1541 1157 1623 Lozynski0⁶)‚
1180 1543 1280 1604 Hueb·

160 1644 276 1720 nerei).
321 1645 449 1710 Omnino
472 1653 572 1709 autem
595 1650 752 1710 lectionem
761 1635 946 1727 Ἕρμιππος
969 1663 1058 1709 unam
1082 1651 1192 1707 rectam
1217 1663 1281 1706 esse

158 1749 216 1808 iam
248 1749 318 1810 inde
350 1755 477 1830 apparet
506 1752 587 1830 quod
615 1752 767 1830 Diogenes
793 1753 933 1838 ¹Laertius
965 1769 1063 1828 neque
1092 1751 1123 1809 iu
1147 1748 1280 1827 Menippi

159 1852 278 1930 scriptis
309 1855 519 1915 enumerandis
552 1853 600 1934 (0,
625 1858 697 1926 101)
735 1857 909 1916 Auctionem
948 1855 1029 1914 illam
1070 1856 1281 1914 commemorat

160 1972 259 2032 neque
275 1973 407 2034 unquam
423 1958 555 2036 Menippi
571 1959 740 2019 testimonio
755 1959 865 2018 utitur:
880 1958 1069 2042 'Hermippus
1092 1974 1173 2030 vero,
1195 1955 1281 2014 cuius

159 2050 238 2115 Bios
259 2075 353 2136 snpra
375 2062 530 2121 memorati
551 2064 630 2133 suut,
653 2079 799 2139 persaepe
820 2063 926 2121 auctor
947 2059 997 2119 vel
1013 2059 1097 2119 testis
1112 2076 1129 2117 a
1145 2059 1280 2134 Diogene

160 2155 344 2241 adhibetur)
373 2166 464 2241 atquc
493 2163 585 2224 verba
618 2165 684 2243 ipse
713 2183 791 2242 quae
821 2183 859 2225 ex
891 2163 1034 2240 Diogenis
1065 2161 1212 2222 Auctione
1243 2159 1280 2219 de

160 2262 274 2338 Cynico
305 2284 323 2324 a
354 2266 457 2340 piratis
487 2269 574 2344 capto
605 2271 635 2326 ct
661 2269 692 2327 in
723 2269 897 2328 servitutem
930 2247 1062 2326 abducto
1091 2263 1181 2324 alluta
1211 2265 1281 2323 sunt

159 2368 231 2426 sunt
252 2366 416 2446 Hermippo
439 2369 550 2446 optime
572 2370 764 2430 conveniunt.

244 2470 370 2531 Praeter
391 2471 555 2550 Diogenem
579 2472 732 2533 Laertium
755 2472 937 2545 Athenaeus,
959 2470 1155 2549 gravissimus
1176 2473 1280 2530 auctor

159 2570 278 2633 duobus
309 2573 347 2633 dc
376 2573 460 2635 libris
482 2576 631 2654 Menippi,
655 2578 705 2654 qui
735 2576 869 2654 inscripti
899 2578 984 2636 erant
1012 2559 1220 2652 Άρκεσὶλαος
1250 2575 1280 2633 et

159 2664 368 2752 Συμπόσιον,
399 2676 527 2738 rettulit:
558 2678 689 2738 servavit
716 2683 815 2738 autem
852 2679 903 2738 illo
940 2695 1000 2737 non
1030 2676 1125 2736 solum
1155 2674 1280 2750 indices,

158 2778 367 2838 verumetiam
386 2778 554 2856 fragments
570 2781 711 2841 librorum
728 2781 868 2859 ipsorum.
912 2782 957 2839 Do
972 2779 1127 2839 Arcesilae
1150 2777 1278 2854 primum

158 2879 332 2940 Athenaeus
355 2899 513 2958 quaerens,
536 2901 624 2959 quam
648 2883 776 2944 diversis
798 2882 969 2944 nominibus
990 2900 1009 2940 s
1030 2879 1198 2956 Spartiatis,
1220 2882 1279 2940 Do·

157 2982 254 3054 ribus,
285 2984 391 3044 ceteris
421 2984 542 3045 Graccis
572 3003 693 3046 mensae
724 2985 875 3046 secundas
912 2983 1133 3061 significentur,
1168 2980 1278 3055 bacci)

157 3084 330 3164 adscripsit:
361 3072 496 3158 Μόλπις
526 3071 576 3147 δ’ὁ
603 3075 730 3148 Λάκων
756 3077 799 3148 τά
828 3078 920 3167 παρὰ
947 3092 1018 3157 τοῖς
1049 3075 1279 3165 Σπαρτιάταις

158 3179 342 3262 ἐπαίκλεια,
364 3173 383 3246 ὃ
406 3183 556 3268 σημαίνει
578 3182 637 3262 τὰς
656 3184 894 3264 ἐπιδειπνίδας,
915 3174 1065 3268 ματτύας
1088 3182 1168 3267 φησὶ
1191 3181 1278 3265 λέγε-

157 3286 238 3348 σθαι
252 3280 345 3369 παρὰ
366 3297 438 3361 τοῖς
453 3277 581 3364 ἄλλοις·
605 3280 624 3350 ὁ
647 3287 683 3352 δὲ
706 3279 852 3364 Κυνικὸς
873 3286 1051 3361 Μένιππος
1073 3283 1181 3349 ἐντῶ
1208 3282 1277 3348 ἐπι-

156 3387 357 3472 γραφομένῳ
380 3378 577 3474 Ῐδρκεσιλάῳ
607 3384 726 3474 γράφει
760 3379 881 3466 οὕτως·
905 3383 1010 3464 πότος
1038 3373 1082 3472 ἦν
1110 3385 1277 3470 ἐπικωμα-

157 3480 294 3555 σάντων
308 3493 413 3556 τινῶν
433 3493 488 3556 καὶ
502 3488 652 3578 ματτύην
675 3491 849 3558 ἐκέλευσεν
869 3491 1031 3575 ιῖςφέρτιν
1044 3485 1192 3556 Λάκεινά
1214 3509 1275 3566 τις·

244 3663 264 3724 ¹)
281 3659 318 3727 ll,
336 3675 363 3728 p.
379 3662 451 3714 1080.

241 3747 264 3811 ²)
282 3743 315 3798 Η.
334 3743 507 3814 Stephanus:
529 3745 862 3815 eon.Brogn01um,·qui
881 3743 1057 3800 Ambrosium
1076 3748 1279 3811 recognoverat

154 3826 201 3896 (cf.
221 3825 361 3884 Hucbncr.
380 3829 423 3885 cd.
441 3831 522 3902 Diog.
541 3833 634 3886 Laert.
657 3832 680 3901 l,
702 3835 750 3899 ll).

241 3917 265 3983 ³)
275 3911 419 3970 Ambrosii
434 3916 577 3985 interpret.
587 3931 698 3986 recogn.
712 3923 741 3972 ct
751 3915 859 3972 emend.
872 3917 902 3973 F.
912 3916 1039 3972 Sambuc
1053 3917 1193 3983 Antuerp.
1203 3917 1275 3968 leue.

240 4003 263 4068 ⁴)
280 3998 314 4055 ci.
327 3997 400 4071 Aeg.
413 4001 534 4070 Meuagii
546 4002 656 4060 observ.
673 4003 701 4058 in
715 4003 797 4072 Diog.
810 4006 901 4060 Lacrt.
914 4003 962 4072 Vl,
975 4007 1022 4072 2ος
1040 4001 1083 4057 οδ.
1093 4001 1126 4057 G.
1136 3999 1276 4056 Huebner.

153 4085 208 4140 vol.
227 4085 263 4154 Il,
281 4102 308 4154 p.
322 4090 362 4140 20.
643 4105 647 4112 ·

239 4174 261 4236 ⁸)
279 4171 424 4241 Hermippi
440 4172 537 4244 fragm.
555 4190 582 4243 p.
595 4179 636 4229 40.

239 4258 262 4326 ⁰)
278 4257 359 4327 Diog.
378 4259 469 4313 Laert.
491 4259 534 4314 ed.
546 4259 687 4316 Huobncr.
710 4259 748 4328 ΙΙ,
765 4277 792 4332 p.
807 4263 849 4316 21.
888 4256 924 4315 cf.
942 4257 994 4315 Tb.
1007 4255 1139 4315 reusch.
1158 4255 1272 4326 Menipp

153 4341 212 4396 und
229 4341 321 4397 Horon
339 4357 366 4414 p.
380 4347 420 4398 13.

238 4430 262 4497 ι)
281 4431 320 4498 ιι,
338 4429 395 4484 σοι.
415 4443 439 4486 e.
