3052 5036
271 410 312 472 36

270 585 392 648 invenit
435 583 483 644 An
506 584 677 662 putabimus
699 589 757 646 tam
781 603 871 664 saepe
892 585 1059 646 Lueianem
1083 583 1275 646 indueturum
1297 582 1393 645 inisse

271 687 444 764 Menippum
473 687 604 764 perediie
632 691 782 768 utentem,
818 689 874 750 nisi
902 689 932 750 in
961 689 1041 749 iliius
1069 687 1152 749 libris
1182 687 1319 766 exempla
1346 688 1393 748 in-

271 788 404 850 venisset
426 787 534 867 quibus
557 807 663 851 verens
684 790 810 851 eliorum
832 795 987 868 poetarum
1010 791 1073 851 eive
1097 790 1228 851 earmina
1246 789 1393 850 imitatum

272 909 339 952 eum
361 907 427 951 esse
449 894 541 968 atque
556 892 586 951 in
602 892 692 954 risum
709 891 867 954 deflexisse
882 893 1145 955 demonstraretur.
1189 893 1228 954 nt
1242 890 1394 970 profecto!

271 992 412 1070 perediae
435 1012 472 1053 ex
494 993 601 1055 alienis
624 995 762 1056 versibus
778 995 911 1072 Menippi
933 995 1018 1056 libris
1039 995 1167 1055 insertae
1190 992 1282 1054 fuisse
1302 993 1394 1054 etiam

271 1096 292 1155 ii
315 1097 367 1174 qui
381 1096 555 1174 Menippum
577 1101 696 1175 poetam
717 1097 810 1159 inisse
833 1100 945 1176 negant
966 1097 1137 1158 eeneedunt
1158 1100 1279 1175 praeter
1299 1114 1394 1156 unum
1513 1087 1514 1090 '

273 1196 432 1260 Oehlernm
443 1196 476 1277 ¹),
498 1217 585 1276 quem
608 1199 766 1262 falsissime
789 1204 1029 1279 argumentatum
1053 1218 1118 1261 esse
1140 1198 1228 1260 iaeile
1250 1199 1396 1278 perspiei-

272 1305 329 1362 tur.
380 1302 497 1362 Etenim
531 1303 646 1363 etiamsi
673 1304 897 1381 Necyomautee
926 1303 976 1363 ilia
1006 1321 1043 1364 ex
1073 1320 1133 1380 que
1162 1298 1396 1374 casaubonue²)

273 1421 378 1465 eaesae
407 1405 591 1482 repetiverat
613 1423 667 1466 eur
688 1391 851 1484 παρῳδὸν
872 1406 954 1466 iilum
977 1406 1107 1483 dieeret,
1135 1405 1309 1467 aLueiaue
1330 1421 1396 1465 nen

273 1507 458 1585 scriptasit:
481 1508 568 1569 etiem
591 1507 622 1568 in
645 1509 869 1586 Iearemeuippe
893 1514 922 1570 et
947 1509 977 1569 iu
1001 1509 1087 1570 Mert
1109 1508 1259 1585 Dialegie,
1279 1508 1299 1568 i.
1313 1525 1338 1568 e.
1360 1507 1397 1566 in

274 1610 317 1670 eis
345 1610 471 1670 Lueiani
501 1610 583 1670 librie
612 1610 662 1671 uhi
691 1612 801 1687 primae
831 1613 895 1688 egit
921 1611 1096 1689 Menippus,
1126 1610 1294 1672 testimonia
1323 1613 1399 1670 sunt
1514 1589 1515 1624 ³

273 1712 382 1791 quibus
405 1712 486 1773 illum
509 1730 595 1798 neum
619 1730 684 1774 esee
706 1712 840 1790 parediis
863 1717 999 1792 apparet,
1021 1731 1120 1790 neque
1143 1713 1231 1774 video
1253 1729 1313 1789 quo
1327 1711 1399 1772 iure

274 1815 424 1877 Oehlerns
446 1815 544 1893 dieat,
565 1815 596 1874 in
618 1814 757 1892 reliquis,
782 1816 800 1874 i.
816 1834 840 1876 e.
856 1817 1082 1892 Neeyemantea
1104 1819 1246 1894 exeepte,
1267 1814 1399 1874 Lneiani

186 1945 189 1950 ·
273 1917 400 1996 dialogis
437 1919 629 1996 Menippeum
667 1934 836 1978 sermonem
873 1919 1132 1996 quetieuseunque
1164 1915 1326 1978 induentur
1356 1935 1399 1978 ne
1515 1893 1516 1974 Ϊ

275 2022 367 2082 semei
390 2019 509 2098 quidem
532 2021 622 2081 istum
645 2037 731 2081 usum
755 2019 808 2094 (se.
825 2020 957 2098 parediie
972 2019 1104 2091 dioeudi)
1119 2018 1256 2081 retinere.
1300 2020 1398 2081 Immo
1515 2037 1516 2058 ³

276 2141 346 2184 vere
362 2123 525 2200 Luoianue,
548 2123 599 2200 qui
607 2119 632 2195 ³)
654 2141 715 2183 nen
739 2123 834 2184 seium
855 2124 1020 2185 sententies
1035 2126 1120 2199 aptae
1136 2128 1166 2183 et
1180 2120 1397 2183 eonveuieutee
1516 2189 1517 2194 ἵ

274 2224 315 2285 illi
336 2224 449 2304 tribuit,
471 2242 575 2285 verum
598 2222 686 2285 etiem
709 2226 855 2286 sermonis
877 2227 942 2286 eius
962 2226 1094 2286 nativum
1110 2225 1239 2286 eolorem
1256 2223 1398 2302 servarit,

174 2405 177 2413 Δ
274 2325 415 2406 perediae
438 2345 505 2387 enm
531 2327 692 2404 Menippus
714 2331 888 2405 usurpasset
910 2327 947 2387 ab
973 2326 1076 2388 eodem
1093 2327 1232 2404 Menippo
1256 2324 1397 2403 quotiens

275 2430 392 2491 nemeio
423 2429 538 2492 ferebat
567 2428 756 2490 adhibentem
781 2449 848 2490 eum
870 2429 956 2490 feeit:
982 2447 1094 2507 neque,
1127 2428 1157 2488 id
1179 2427 1262 2507 qnod
1285 2428 1396 2490 Gesan-

275 2528 387 2602 bono⁴t
409 2531 576 2610 videbatur,
598 2531 756 2594 tradueere
778 2531 815 2593 iis
838 2532 978 2594 studebat
1001 2532 1099 2594 stilum
1115 2532 1220 2610 Gyniei
1236 2529 1396 2592 Gadareni.

274 2638 344 2712 Ipse
374 2635 451 2695 enim
479 2635 630 2696 Lneianue
662 2653 728 2696 eum
759 2653 814 2712 per
843 2653 946 2697 omnes
976 2635 1039 2696 fere
1063 2653 1139 2713 quos
1161 2633 1280 2712 scripsit
1301 2633 1396 2694 libros

275 2739 462 2815 dispergeret
497 2738 575 2797 hane
604 2738 700 2816 ipsam
729 2739 891 2799 alienorum
923 2756 1063 2798 versuum
1091 2737 1313 2812 usurpationem
1345 2754 1394 2796 ne

274 2859 334 2918 que
371 2844 488 2918 turpem
518 2857 618 2918 neque
647 2839 818 2901 ridieuiem·
834 2857 900 2901 esse
929 2839 1066 2901 ostendit
1119 2838 1267 2899 Perediae
1295 2841 1394 2898 autem

274 2944 466 3021 Menippeae,
503 2942 527 3002 ei
556 2942 724 3004 Lunienum
762 2943 915 3021 sequimur
951 2945 1103 3002 eueterem
1132 2941 1181 3001 vei
1209 2941 1396 3016 imitatorem,

275 3065 313 3108 ex
343 3046 475 3107 Homero
503 3044 689 3122 potissimum
719 3050 810 3122 atque
839 3044 985 3123 Euripide
1012 3043 1167 3103 derivatae
1198 3060 1263 3104 esee
1291 3041 1395 3102 viden-

274 3155 333 3210 tur.
376 3148 563 3226 Quemquam
593 3147 694 3223 plures
723 3147 851 3208 fortasse
881 3150 988 3224 poetae
1017 3145 1161 3206 siminus
1188 3145 1289 3220 lyriei,
1323 3162 1395 3221 qne·

275 3271 341 3313 rum
369 3252 501 3314 numeris
529 3251 746 3328 Aristophanes
776 3251 806 3314 iu
837 3251 895 3312 hoe
923 3267 1034 3326 genere
1064 3249 1172 3323 utitur,
1208 3250 1239 3307 at
1272 3247 1395 3323 elegiaei

276 3360 305 3416 et
362 3355 468 3431 tragiei
525 3354 557 3412 in
611 3353 737 3430 paredia
790 3355 955 3429 potueruut
1006 3350 1133 3412 adsumi.
1194 3350 1302 3426 Neque
1353 3349 1396 3410 ita

274 3456 448 3518 inusitatum
479 3454 569 3517 inisse
592 3455 726 3534 Menippi
758 3454 940 3533 temporibus
971 3455 1098 3515 alierum
1121 3469 1227 3512 verens
1249 3452 1279 3512 iu
1302 3451 1394 3512 risum

276 3560 436 3622 deflectere
480 3560 530 3620 vel
574 3553 769 3638 παρῳδεῑν,
813 3561 905 3618 testes
951 3561 1020 3617 suut
1065 3555 1235 3632 eompiuree
1278 3556 1395 3632 poetae,

276 3663 328 3742 qni
363 3667 460 3723 aetate
494 3662 595 3739 paullo
633 3661 804 3739 superiores
842 3661 978 3736 inerant,
1009 3658 1221 3718 Areheetretne
1250 3657 1396 3734 (telensis,

276 3768 394 3826 Metron
416 3764 595 3841 Pitanensie,
616 3763 747 3825 Rhinton
770 3762 962 3837 Tarentinus,
984 3759 1087 3820 Grates
1110 3759 1247 3837 Oyuieus
1269 3759 1395 3837 Sopater

276 3854 597 3945 ὃφλυακογράφος,
628 3866 688 3926 alii.
740 3863 881 3941 Inprimis
910 3864 1009 3922 autem
1040 3860 1097 3922 hee
1127 3862 1193 3923 leee
1222 3859 1395 3922 nominandi

277 3969 415 4030 ridentur
431 3969 504 4030 Bion
520 3966 747 4046 Borysthenites
762 3969 793 4025 et
807 3965 915 4026 Timon
930 3963 1086 4026 PMiaeius
1129 3965 1205 4024 Bion
1222 3963 1272 4040 qui
1289 3982 1314 4024 a.
1330 3959 1396 4023 iere

364 4135 386 4199 ¹)
402 4131 419 4185 l.
431 4131 449 4185 l.
471 4147 498 4199 p.
512 4133 552 4183 35.

361 4217 384 4285 ²)
401 4216 418 4269 1.
430 4215 449 4268 1.
472 4231 500 4283 p.
513 4216 613 4280 neesq.

361 4298 437 4367 ⁸)ei.
455 4297 563 4353 Oehler.
585 4315 612 4368 p.
625 4302 665 4353 33.

362 4387 385 4455 ⁴)
401 4385 419 4440 l.
433 4384 449 4440 l.
472 4401 500 4454 p.
513 4387 571 4439 206.
