3052 5036
268 411 288 474 6

268 591 432 661 grammata
462 586 581 663 quidem
611 587 691 647 illlus
723 604 848 664 prorsus
877 588 994 648 silentIo
1025 588 1189 664 praeterIre
1220 589 1298 648 lieet.
1348 587 1391 648 lbi

269 688 347 748 enim
371 688 452 748 haud
475 689 567 750 semel
578 686 600 766 ¹)
629 689 795 767 iudIoatur,
823 689 923 767 qualia
952 690 1064 752 tuerint
1091 691 1203 769 seripta
1225 691 1390 767 qualesque

270 808 367 852 mores
388 791 531 868 Meleagri
553 795 584 852 et
606 796 639 852 ut
660 795 767 868 postea
788 793 959 854 aeeuratius
982 791 1147 854 videhImus
1173 811 1234 870 quo
1257 795 1390 867 tempore

270 892 360 953 luerit
386 893 552 970 MenIppus.
604 894 725 955 Materia
753 897 854 956 tamen
884 895 1023 956 momenti
1055 894 1276 972 disputantibus
1305 893 1391 954 uehis

270 994 308 1054 de
337 994 478 1072 Meleagri
508 997 701 1074 Menippique
731 996 923 1058 similitudine
949 1001 1011 1058 tres
1040 997 1085 1057 illi
1111 997 1178 1059 libri
1200 1000 1287 1074 suut,
1315 1012 1391 1072 quos

270 1114 362 1172 supra
390 1099 682 1159 commemoravi-
703 1118 802 1177 neque
830 1100 908 1160 enim
936 1118 1004 1160 oram
1032 1095 1202 1172 laeobsi02)
1233 1097 1311 1158 faeio
1339 1098 1392 1174 qui

270 1203 364 1259 totum
394 1197 520 1260 fortasse
550 1205 710 1278 syntagma
739 1202 900 1262 satirarum
926 1195 1085 1281 Χαρίτων
1108 1201 1195 1262 titulo
1216 1201 1391 1278 inseriptum

271 1301 364 1361 fnisse
387 1307 488 1363 oenset
509 1334 565 1381 -,
587 1303 669 1380 qnod
696 1303 777 1364 hisee
808 1304 993 1381 potissimam
1021 1303 1104 1366 libata
1125 1295 1392 1381 οποοδογέλοιον
1507 1288 1508 1298 ’

271 1402 345 1464 illud
372 1404 504 1482 Menippi
533 1423 629 1482 genus
659 1405 809 1467 seribendi
839 1407 971 1466 imttatus
1002 1409 1055 1466 est
1105 1407 1205 1483 Prope
1233 1404 1311 1465 enim
1341 1421 1392 1464 eos

272 1506 434 1568 secessisse
456 1507 494 1568 ad
517 1508 650 1585 Menippi
673 1509 819 1568 rationem
842 1507 959 1568 dioendi
981 1511 1072 1584 atque
1096 1507 1256 1568 eavillaudi
1273 1525 1340 1568 eum
1355 1525 1392 1568 ex

271 1607 391 1668 indieiis
413 1609 538 1670 aliorum
563 1610 744 1686 scriptorum
767 1616 829 1671 tum
851 1630 890 1672 ex
911 1610 1088 1688 fragmentis
1109 1611 1147 1670 ah
1162 1610 1320 1672 Athenaeo
1342 1607 1393 1668 l.l.

271 1712 397 1772 servatis
419 1711 508 1772 faeile
530 1712 716 1790 intelligitur.

359 1829 418 1891 Sed
442 1851 501 1892 non
525 1833 620 1893 solum
644 1832 777 1892 eiusdem
800 1831 915 1909 patriae
938 1832 1097 1909 Menippus
1125 1836 1216 1908 atque
1243 1831 1394 1906 Meleager
1509 1903 1510 1908 ἵ

272 1932 396 1994 fuerunt
418 1935 586 2011 similiaque
607 1934 801 2010 seripserunt,
824 1950 927 1993 verum
950 1932 1039 1993 etiam
1062 1931 1193 1993 moribus
1210 1932 1274 1993 lere
1290 1931 1392 1991 iisdem

272 2034 366 2096 luisse
396 2037 545 2097 videntur.
595 2037 729 2113 Uterque
759 2037 837 2097 enlm
868 2036 1049 2112 Cynicorum
1080 2035 1298 2113 philosophiam
1327 2051 1394 2112 pro·

273 2135 370 2197 lessus
401 2142 455 2198 est.
507 2139 694 2215 Meleagrum
716 2137 835 2215 quidem
859 2137 1004 2214 (iynioum
1036 2137 1128 2196 luisse
1150 2136 1324 2196 Athenaeus
1345 2133 1395 2210 XI,

273 2257 302 2315 p.
317 2243 378 2301 502
404 2244 518 2300 narrat.
568 2240 686 2300 Etenim
709 2237 898 2318 symposium
930 2239 1016 2299 euius
1046 2238 1086 2298 ibi
1114 2237 1195 2299 taeta
1216 2240 1263 2298 est
1285 2237 1395 2297 mentio

272 2361 329 2419 ego
359 2342 398 2402 ad
428 2344 674 2421 epigrammatum
705 2343 789 2403 illum
816 2346 968 2403 aratorem
990 2341 1103 2402 utiam
1126 2344 1215 2400 antea
1237 2339 1298 2398 dixi
1321 2337 1396 2400 rele-

273 2443 401 2506 rendum
424 2464 491 2507 esse
512 2451 586 2524 puto
608 2463 707 2523 neque
729 2446 875 2506 aasentIor
896 2445 932 2504 iis
954 2445 1005 2521 qni
1026 2445 1083 2522 vel,
1105 2449 1139 2504 ut
1152 2442 1351 2505 Sehneiderns
1364 2439 1396 2518 ¹),

273 2545 478 2626 Gesnerus²)‚
509 2549 633 2609 VossIus
643 2544 685 2626 ³),
714 2547 782 2625 alil,
811 2547 995 2623 Meleagrum
1025 2546 1171 2622 Gynioum
1198 2565 1217 2606 a
1242 2545 1394 2621 Meleagro

362 2782 382 2847 1)
401 2777 488 2834 Anth.
508 2777 556 2832 Gr.
575 2778 663 2847 epigr.
685 2782 745 2832 lte:

375 2859 520 2936 Άτρέμας,
539 2855 562 2918 ὦ
582 2859 655 2930 ξένε,
673 2868 768 2935 βαῖνε·
787 2856 856 2934 παρ’
875 2853 1026 2934 εὖσεβέσιν
1044 2857 1100 2933 γὰρ
1119 2854 1134 2914 ὃ
1154 2855 1277 2930 πρέςβος

409 2942 494 3006 Εέδει
512 2947 666 3019 κοιμηθεὶς
683 2940 773 3004 ὕπνον
791 2943 986 3018 ὀφειλόμενον

376 3028 534 3106 Εὐκράτεω
555 3030 736 3106 Μελέαγρος,
755 3027 770 3089 ὁ
790 3029 841 3090 τὸν
859 3029 1060 3104 γλυκόδααρυν
1072 3025 1183 3102 Ἔρωτα

409 3118 466 3176 Καὶ
485 3116 618 3184 Μούσαις
636 3115 747 3192 ἱλαροῖς
766 3117 937 3186 συστολίσας
954 3114 1087 3190 Χάρισιν.

272 3206 311 3261 io,
324 3206 412 3277 epigr.
427 3209 483 3273 128,
500 3204 531 3259 iu
543 3220 600 3274 quo
613 3197 745 3274 ἀμφήκες
758 3199 846 3275 γέρας
859 3203 913 3258 sibi
925 3200 1017 3258 fuisse
1029 3203 1173 3274 praedicat
1190 3195 1220 3267 ές
1237 3219 1269 3256 τε
1282 3194 1397 3271 γέλωτα

273 3290 323 3348 καὶ
342 3287 481 3360 enovata
501 3291 640 3345 clauditur
657 3295 749 3345 autem
767 3288 811 3345 his
829 3287 972 3343 versibus:

375 3379 469 3448 Χαῖρε
486 3373 537 3432 καὶ
554 3371 586 3432 ἐν
603 3371 798 3446 φθιμένοισιν,
817 3369 881 3430 ἐπεὶ
899 3372 949 3428 καὶ
968 3373 1090 3428 Μοῦσαν
1108 3373 1205 3443 Ἐρατι

409 3460 466 3518 Καὶ
484 3457 614 3534 Χάριτας
634 3458 749 3530 Σοφίαν
766 3452 791 3514 τ’
804 3454 845 3523 εἰς
861 3455 931 3526 μίαν
950 3451 1093 3530 ἁρμόσαο.

273 3547 308 3605 ef.
327 3548 414 3619 epigr.
431 3549 505 3604 iuter
523 3541 622 3602 sidens.
635 3550 699 3601 573:

376 3627 534 3706 Εὐκράτει)
555 3625 729 3702 Μελέαγρον
747 3623 813 3701 ἔχω,
832 3625 906 3699 ξένε,
922 3624 975 3684 τὸν
993 3623 1046 3684 σὺν
1065 3630 1161 3700 Ερωτι

411 3716 467 3775 Kal
487 3713 619 3781 Μούσαις
638 3710 793 3788 κεράσαντ’
812 3709 969 3786 ἢδολόγοος
988 3710 1124 3785 Χάριτας.

359 3825 382 3888 ²)
404 3821 513 3889 Proleg.
537 3819 573 3873 ad
594 3814 710 3873 Anthol.
734 3817 783 3873 Gr.
796 3816 852 3887 VI,
875 3834 902 3887 p.
919 3811 1081 3871 XXXVIII.
1100 3812 1136 3870 et.
1154 3813 1190 3868 ad
1207 3813 1232 3869 h.
1250 3814 1268 3867 l.
1287 3813 1397 3870 0ehler.

274 3925 302 3978 p.
315 3912 345 3962 st
366 3911 395 3962 et
412 3904 603 3960 Waohsmuth.
621 3904 657 3960 de
674 3903 790 3959 Timone
808 3901 931 3958 Phliasio
949 3901 1105 3970 ceterisque
1124 3899 1178 3956 sill.
1191 3897 1238 3954 Gr.
1256 3914 1284 3968 p.
1294 3903 1335 3954 45.

362 4013 381 4076 ¹)
400 4009 428 4062 in
447 4007 576 4094 I’erieulo
595 4007 662 4063 Crit.
680 4006 709 4061 in
728 4002 846 4062 Anthol.
865 4005 960 4061 Const.
979 4003 1066 4074 Ceph.
1084 4020 1111 4073 p.
1126 4005 1182 4058 ¹09.

360 4115 383 4176 ²)
400 4111 435 4167 ef.
452 4110 595 4166 Jonsium:
613 4110 649 4165 de
667 4109 762 4179 aoript.
781 4109 844 4164 hist.
862 4106 962 4177 philos.
980 4123 1006 4176 p.
1021 4110 1077 4161 260.

360 4217 384 4282 ³)
401 4229 445 4283 ap.
463 4212 570 4268 Febris.
588 4211 661 4267 Bibl.
679 4211 727 4268 Gr.
745 4210 795 4279 IV,
813 4226 840 4279 p.
853 4215 912 4264 tlt.
956 4210 1038 4264 Errat
1064 4214 1155 4265 antem
1184 4208 1223 4264 ibi
1251 4206 1398 4263 Horreum

276 4300 351 4372 quod
369 4297 558 4355 testimonium
573 4297 670 4353 Vosin
688 4296 803 4366 profert.
839 4295 950 4350 Etenim
968 4293 1044 4363 apud
1056 4293 1138 4351 Voss.
1152 4294 1187 4349 de
1204 4293 1268 4350 hist
1287 4293 1334 4348 Gr.
1346 4291 1398 4361 III,

276 4391 326 4442 388
344 4402 399 4442 non
417 4385 452 4442 de
470 4385 618 4455 Meleagro,
636 4383 687 4440 sed
705 4383 740 4439 de
758 4382 891 4451 Menippo
907 4381 1008 4450 agitur.
