3052 5036
1212 448 1250 508 21

132 619 292 696 Epicureis
315 623 345 681 et
367 617 474 682 Stoicis
494 620 534 693 (id
559 621 641 698 quod
665 625 698 680 ut
720 624 826 699 postea
848 622 1019 682 accuratius
1048 619 1192 681 disseram
1216 639 1254 682 ex

132 722 289 798 Symposio
314 725 466 801 apparetlz
489 724 606 785 iocatur
628 722 704 783 idem
728 722 817 783 etde
841 724 931 784 certis
953 723 1138 800 philosophis
1160 724 1253 783 veluti

132 823 173 884 de
194 824 347 885 Arcesilae
380 831 410 886 et
440 825 478 885 de
510 826 641 886 moribus
675 825 853 903 quibusdam
887 827 1037 903 perversis
1069 826 1121 903 qni
1153 824 1254 885 multis

131 927 319 1005 philosophis
349 945 520 989 communes
551 931 645 988 erant.
689 928 774 1002 Quae
804 946 871 988 cum
893 929 936 987 ita
967 927 1039 1006 sint,
1075 927 1118 987 nil
1147 928 1252 988 mirum

131 1029 159 1088 si
191 1028 343 1090 Lucienus
359 1027 381 1103 ¹)
415 1049 483 1090 eum
520 1031 636 1091 inducit
673 1027 822 1109 γελῶντα
855 1015 906 1088 ἀεὶ
938 1023 995 1088 καὶ
1027 1019 1141 1088 πολλὰ
1171 1016 1254 1102 τούς

132 1114 302 1208 dungeone
324 1118 535 1208 φιλοσόφους
558 1122 824 1192 ἐπισκώπτοντα.
868 1133 954 1192 Licet
973 1133 1183 1194 samosatenus
1204 1132 1253 1192 ille

131 1233 287 1294 cavillator
315 1252 381 1295 cum
405 1237 575 1313 aequalium
606 1254 704 1296 mores
735 1234 827 1295 multo
850 1239 950 1295 essent
971 1235 1127 1311 praviorcs
1150 1234 1253 1295 multo-

131 1354 194 1412 que
216 1335 368 1412 digniores
391 1337 443 1415 qui
463 1339 738 1415 perstringerentur
753 1341 784 1397 et
799 1337 936 1398 omnibus
953 1337 1040 1398 invisi
1055 1336 1253 1398 redderentur·

131 1437 182 1496 sui
203 1437 297 1514 ipsius
319 1439 429 1515 ingenii
453 1440 564 1516 aliquid
585 1438 624 1500 ad
639 1440 812 1516 Menippum
828 1439 1024 1511 transtulerit,
1047 1444 1080 1499 ut
1095 1438 1253 1499 defensore

131 1539 219 1615 quasi
251 1546 303 1600 aut
335 1546 562 1619 propugnatore
594 1561 630 1602 eo
667 1544 817 1602 uteretur:
854 1541 1081 1602 fundamentum
1117 1540 1252 1617 proiecto

130 1645 224 1718 atque
254 1642 434 1720 principium
465 1649 499 1704 nt
528 1645 570 1704 ita
601 1644 697 1704 dicam
728 1643 903 1704 facetiarum
934 1645 964 1704 iu
995 1643 1090 1720 ipsius
1121 1643 1252 1704 moribus

129 1744 309 1822 scriptisque
337 1746 467 1824 positum
497 1747 619 1808 invenit
670 1746 818 1808 irridebat
847 1751 948 1808 autem
980 1747 1139 1825 Menippus
1168 1747 1252 1806 rivos

130 1846 214 1908 solos
249 1848 454 1927 philosophos
512 1850 684 1912 Arcesilaus
726 1851 801 1911 enim
847 1851 899 1928 qui
940 1852 1065 1927 propter
1102 1849 1252 1911 luxuriam

130 1949 411 2026 reprehendebatur
447 1971 472 2011 a.
502 1952 677 2014 ccxxxxl
718 1956 854 2013 mortuus
894 1957 947 2014 est.
1006 1952 1147 2029 Epicurei
1188 1952 1252 2012 eive

130 2051 269 2130 discipuli
301 2054 426 2129 Epicuri
457 2055 508 2132 qui
538 2054 718 2116 ccccxx
752 2054 829 2114 diem
861 2073 1033 2132 supremum
1067 2054 1182 2114 obierat
1213 2052 1252 2113 ad

133 2156 306 2232 voluptates
332 2161 424 2234 atque
446 2156 583 2218 libidines
606 2158 829 2236 propensissimi
850 2160 945 2218 erant.
989 2157 1155 2218 Stoicorum
1171 2155 1252 2217 deni-

133 2275 194 2333 qne
223 2257 377 2337 princeps,
409 2261 489 2320 Zeno
517 2260 641 2338 Citieus,
674 2261 809 2337 aequalis
839 2260 896 2321 iuit
926 2260 1059 2336 Menippi
1088 2257 1252 2320 Gadareni:

134 2356 339 2420 defendebant
368 2364 466 2421 autem
499 2363 543 2423 illi
573 2363 675 2422 miram
707 2361 858 2439 quandem
886 2361 1033 2423 rationem
1063 2379 1152 2438 quam
1183 2379 1253 2421 cou-

133 2461 293 2524 stituerent
327 2463 365 2524 de
399 2464 509 2526 mundo
543 2465 630 2525 modo
660 2465 831 2526 intereunte
860 2461 947 2524 modo
979 2463 1102 2525 oriente.
1153 2463 1274 2530 Etiam,

132 2561 285 2625 Lucienus
294 2561 318 2635 2)
341 2567 426 2626 testis
449 2571 494 2627 est
517 2567 690 2644 Menippum
713 2568 863 2628 invectum
886 2583 951 2626 esse
973 2567 1003 2626 iu
1025 2566 1168 2642 aequales
1190 2565 1253 2625 sive

130 2665 163 2724 in
186 2666 271 2726 viros
292 2667 499 2745 philosophos.
542 2667 583 2727 At
605 2668 697 2728 multo
720 2668 840 2745 saepius
862 2667 1087 2746 insultat'apud
1103 2686 1170 2727 eum
1185 2684 1251 2726 enm

133 2767 239 2845 priscis
262 2768 448 2848 philosophis
467 2774 528 2830 tum
544 2771 579 2830 iis
595 2771 647 2848 qni
662 2769 804 2848 aequales
819 2772 905 2829 eraut
920 2769 1055 2830 lanciani.
1099 2768 1253 2831 Concedo:

131 2869 161 2928 id
186 2874 285 2930 auteur
316 2890 394 2948 nego
422 2891 454 2932 re
486 2889 560 2933 vera
581 2873 639 2933 iam
661 2891 681 2958 a
703 2873 843 2950 Menippo
866 2871 1033 2947 exagitatos
1055 2889 1121 2932 esse
1143 2870 1253 2948 Pytha·

131 2969 286 3051 goram3),
307 2975 518 3051 Empedoclem
531 2971 570 3052 ⁴),
592 2976 745 3036 Platonem
756 2971 794 3047 ὖ),
817 2972 1071 3045 Antisthenem⁶):
1100 2974 1253 3034 Lucienus

130 3076 197 3151 ipse
234 3093 302 3134 cnm
335 3077 506 3137 nominatim
550 3078 605 3137 hos
638 3076 833 3154 philosophos
866 3075 1019 3136 ludentem
1061 3095 1128 3136 enm
1164 3075 1254 3148 iaciat

131 3194 251 3252 semper
266 3177 346 3255 apud
370 3178 483 3238 inferos
499 3184 668 3240 versantem
691 3197 758 3239 eum
780 3178 882 3256 ibique
904 3196 971 3239 cnm
986 3178 1172 3256 philosophis
1193 3177 1253 3238 illis

132 3279 353 3356 colloquentem
384 3280 506 3341 inducit
559 3281 785 3359 Colloquentem
812 3281 879 3343 dico
910 3300 976 3342 enm
999 3280 1128 3357 inducit,
1156 3280 1198 3339 ita
1219 3283 1254 3339 ut

131 3380 221 3442 facile
255 3381 414 3458 colligatur
446 3382 619 3463 Menippum
652 3401 769 3461 semper
800 3384 831 3444 in
863 3381 1057 3462 philosophos
1088 3383 1170 3458 ipsos
1202 3382 1253 3458 qni

131 3482 268 3561 aderant,
289 3485 307 3544 i.
323 3502 347 3544 e.
370 3485 422 3562 qui
444 3486 586 3563 aequales
608 3487 664 3564 ipsi
687 3490 781 3564 erant,
802 3486 952 3546 invectum
975 3503 1049 3546 esse.
1092 3484 1253 3546 Addidisse

131 3586 223 3662 igitur
245 3586 315 3647 novi
343 3585 458 3664 aliquid
481 3589 529 3647 bic
551 3588 670 3650 videtur
692 3589 844 3650 Lucienus
866 3588 999 3665 Menippi
1030 3586 1162 3647 moribus
1184 3605 1254 3647 cou-

132 3688 346 3766 suetudiuiqne
375 3689 483 3766 agendi
514 3691 634 3752 licentia
664 3691 794 3768 quadarn
823 3691 871 3751 vel
900 3691 1133 3768 exaggeratione
1169 3707 1253 3750 usus:

134 3795 226 3869 atque
249 3790 288 3850 ob
310 3790 389 3852 bane
410 3792 504 3869 ipsam
527 3811 657 3872 eausam,
679 3799 714 3855 nt
734 3793 854 3854 tuentia
875 3792 927 3853 illa
949 3796 1155 3870 excusaretur,
1177 3809 1253 3852 mor·

216 3989 239 4054 ⁶)
256 3986 335 4042 Mort.
353 3988 425 4043 Dial.
447 3992 469 4056 l,
482 3990 505 4041 2.

217 4075 240 4140 ⁸)
257 4071 337 4128 Mort.
355 4073 428 4128 Dial.
449 4078 471 4142 1,
487 4078 496 4125 1
518 4078 547 4128 et
567 4075 588 4142 l,
600 4078 624 4128 2.

217 4160 239 4228 ⁸)
256 4158 293 4213 ib.
312 4161 353 4226 20,
365 4163 390 4212 3.

216 4245 238 4309 ⁸)
255 4243 294 4298 ib.
313 4246 354 4312 20,
367 4247 390 4298 4,

216 4330 238 4393 ⁵)
256 4327 293 4383 ib.
311 4332 352 4395 20,
367 4333 382 4381 5
400 4336 429 4383 et
447 4333 488 4383 21.

216 4412 391 4483 emme
