3052 5036
245 397 285 458 30

244 590 309 631 cum
334 572 508 649 scriptorem
525 571 721 632 transtulisse.
765 571 904 634 Oeueedo
920 573 1039 634 satiram
1056 577 1147 634 totam
1163 575 1365 636 Romanorum

243 692 316 746 esse,
339 673 392 733 scd
416 694 475 734 non
497 675 540 734 ita
562 677 665 752 totam,
687 678 720 734 ut
740 672 975 748 Quinctiliano¹)
998 679 1120 736 auctore
1136 674 1365 748 casaubonusr)

243 795 370 854 eumque
402 777 495 838 secuti
528 777 611 836 multi
645 777 699 836 viri
730 775 893 838 doctissimi
922 781 1100 840 statuerunt
1152 780 1269 839 Etenim
1299 778 1365 842 sola

243 880 373 940 varietas
403 884 562 940 metrorum
590 879 640 939 vel
671 879 771 955 potius
801 880 896 941 oratio
927 878 1067 940 devincta
1095 880 1193 958 qualis
1224 900 1283 940 uua
1312 881 1364 943 ad·

242 981 400 1042 hibebatur
423 982 451 1042 in
482 983 681 1042 Romanorum
705 981 809 1058 priscis
838 982 938 1042 satiris
960 987 1022 1042 teta
1054 987 1118 1043 erat
1148 985 1364 1050 Romanorum:

242 1088 418 1161 argumenta
441 1103 519 1162 quae
549 1084 578 1144 iu
602 1083 703 1144 iisdem
734 1084 834 1144 satiris
857 1086 1053 1148 inveniuntur
1081 1085 1169 1146 tuelle
1192 1105 1210 1146 a
1233 1085 1365 1157 Graecis,

243 1186 323 1265 apud
346 1205 423 1264 quos
446 1187 605 1248 exstabunt
632 1188 889 1263 praestantissima
912 1190 1059 1264 exornpla‚
1091 1190 1186 1266 repeti
1216 1192 1364 1266 poteraut.

242 1291 349 1366 Itaque
372 1289 443 1367 quid
467 1290 571 1350 mirum
595 1290 620 1350 si
642 1287 826 1366 Horatiusl),
847 1290 913 1367 ipse
933 1291 1089 1350 satirarum
1112 1293 1250 1368 scriptor,
1272 1290 1364 1368 respi-

242 1394 323 1454 ciens
354 1394 491 1452 nimirum
523 1393 586 1454 sola
616 1397 792 1470 argumenta
822 1393 966 1454 Lucilium
997 1413 1015 1452 a
1046 1395 1145 1470 prisca
1182 1393 1362 1454 Graecorum

242 1495 396 1558 comoedia
435 1513 549 1556 omnem
584 1495 718 1572 pendere
749 1497 896 1573 exposuit.
949 1498 1030 1575 Ergo
1062 1496 1195 1557 concedo
1228 1495 1364 1559 satiricos

241 1599 364 1676 propria
387 1601 477 1674 atquo
499 1597 656 1676 principali
679 1600 788 1660 satirae
811 1599 1025 1676 significatione
1047 1599 1129 1677 apud
1150 1599 1280 1660 Graecos
1302 1617 1363 1660 non

241 1702 398 1762 exstitisse.
443 1700 631 1761 lestiterunt
651 1704 751 1762 autem
768 1703 824 1762 iem
847 1703 939 1764 multe
956 1707 1024 1764 ants
1039 1703 1187 1764 Lucilium
1211 1703 1262 1778 qui
1285 1701 1361 1762 idem

242 1809 332 1880 atque
348 1804 548 1864 Romanorum
573 1803 685 1864 satirici
700 1809 879 1880 spectarent.
925 1805 1042 1872 lltenim
1058 1806 1150 1867 satira
1165 1802 1277 1880 (agitur
1292 1803 1363 1865 selis

242 1905 279 1966 de
297 1903 493 1983 argumentis)
516 1907 638 1983 scriptio
655 1909 699 1966 est
720 1906 814 1966 libera
829 1912 920 1983 atque
942 1907 1040 1966 soluta
1064 1909 1094 1967 ct
1115 1907 1205 1984 plena
1220 1908 1363 1983 iocorum,

241 2027 302 2087 qua
324 2009 372 2070 vel
402 2011 474 2070 certi
506 2009 576 2070 vitia
606 2008 731 2070 hominis
761 2008 933 2070 nominatim
964 2011 1016 2086 vel
1045 2028 1158 2086 genera
1186 2010 1363 2070 vitiosorum

241 2113 349 2174 acerbe
372 2113 517 2189 castigata
540 2112 669 2172 ludibrio
693 2112 842 2174 habentur
865 2114 914 2174 vel
944 2114 971 2174 si
994 2133 1042 2176 ros
1070 2113 1149 2174 ferat
1179 2112 1281 2174 divina
1310 2113 1362 2172 bu·

241 2233 388 2292 mariaque
411 2215 509 2276 omnia
531 2215 560 2274 in
591 2215 683 2276 risum
717 2217 889 2292 sementum
921 2220 1052 2278 ceterum
1082 2216 1175 2278 satira
1205 2233 1302 2292 neque
1331 2217 1363 2273 ut

241 2317 355 2394 epodus
379 2317 595 2378 Arcbiloohcus
619 2317 762 2378 conviciis
792 2322 921 2396 pugnat,
949 2318 1002 2380 sed
1035 2319 1234 2396 argumentis,
1265 2333 1362 2392 nequo

240 2412 413 2497 παρῳδῶν
435 2420 524 2480 moris
546 2418 619 2478 iocis
642 2423 782 2481 contenta
805 2422 860 2496 est,
881 2419 935 2480 sed
962 2420 1037 2480 alios
1061 2421 1171 2497 ubique
1200 2420 1363 2480 insectatur

241 2539 340 2598 neque
370 2521 447 2582 malo
477 2509 753 2600 xsrrurdoppcipmv
783 2522 921 2600 exemplo
948 2520 986 2582 ad
1017 2521 1165 2582 obscoena
1192 2520 1361 2584 necessarie

242 2623 404 2684 descendit.
456 2625 574 2684 Nomen
601 2623 693 2701 igitur
724 2625 877 2702 proprium
906 2624 943 2684 iis
982 2625 1034 2701 qui
1064 2624 1137 2685 talia
1176 2624 1363 2700 scripserunt

241 2725 323 2804 apud
347 2725 478 2787 Graecos
501 2743 560 2788 nou
583 2724 647 2786 ruit
691 2727 872 2804 Plerumque
903 2731 1002 2786 autem
1030 2725 1172 2786 eiusmodi
1201 2726 1363 2803 scriptores

241 2821 502 2906 onovdeys‘loeor
526 2829 669 2888 nominati
697 2845 762 2888 esse
785 2827 935 2888 videntur.
976 2827 1078 2905 Atque
1108 2828 1166 2888 boc
1196 2845 1363 2903 cognomen

241 2931 383 3008 Menippo
413 2931 534 3007 saepius
563 2929 690 2990 inditum
720 2929 848 2992 inveniri
875 2930 934 2990 iam
963 2947 1055 3007 supra
1087 2929 1225 2990 vidimus.
1280 2927 1362 2988 Libri

241 3038 339 3094 autem
369 3051 445 3109 quos
475 3033 653 3110 conscripsit
684 3031 845 3109 Menippus
875 3019 893 3089 ὁ
924 3025 1199 3109 σπουδογέλοιος,
1231 3050 1298 3092 eum
1330 3033 1364 3093 ut

240 3139 345 3211 postea
359 3135 529 3196 accuratius
551 3133 695 3196 disseram
711 3135 816 3212 partim
834 3134 931 3195 seluta
946 3134 1080 3195 oratioue
1103 3134 1211 3211 partim
1227 3133 1363 3196 versibus

241 3239 474 3314 contuerentur,
496 3242 554 3298 tam
571 3257 665 3316 prope
681 3237 719 3298 ad
735 3239 816 3314 ipsas
832 3239 1032 3301 Romanorum
1056 3237 1163 3298 satiras
1178 3236 1364 3298 accedebant

241 3344 276 3402 ut
297 3340 366 3402 inde
388 3340 540 3418 peculiare
568 3358 665 3416 genus
696 3339 845 3402 scribendi
868 3341 1068 3400 Romanorum
1096 3344 1243 3417 oreretur,
1269 3339 1363 3399 satira

241 3444 414 3521 Menippea,
442 3443 561 3520 qualem
586 3443 694 3518 Varro,
724 3439 851 3515 Seneca,
880 3441 1037 3506 Petronius
1059 3440 1180 3502 Arbiter
1203 3442 1362 3502 memoriae

241 3545 446 3623 prodiderunt
491 3544 589 3622 Atque
612 3544 650 3604 ab
673 3543 729 3604 bae
751 3543 843 3603 satira
859 3542 1020 3620 Menippea
1041 3561 1120 3620 quae
1142 3548 1204 3608 tota
1219 3543 1362 3621 quodam-

242 3647 330 3708 modo
346 3646 528 3708 (ir-escorum
545 3648 610 3706 erat
632 3645 732 3706 nescio
755 3663 793 3706 cn
809 3644 925 3706 Probus
947 3646 1057 3706 satirae
1073 3664 1180 3708 nomeu
1195 3647 1361 3710 Romanum

241 3750 417 3828 repetiverIt
438 3767 553 3826 suoque
575 3748 641 3808 iuro
663 3746 702 3808 ad
718 3747 851 3825 lleuippi
872 3765 968 3824 genus
990 3747 1140 3810 scribendi
1165 3749 1363 3826 transtulerit

242 3871 340 3930 neque
364 3857 411 3913 est
432 3869 487 3914 cur
509 3848 657 3912 Oeblerus
665 3847 690 3920 ⁴)
703 3913 705 3918 ,
719 3849 817 3908 Probo
840 3848 927 3908 tidem
958 3853 1048 3927 neget
1069 3854 1099 3912 et
1121 3848 1361 3923 Orrsaubouumli

329 4033 349 4097 ¹)
369 4034 408 4097 ro,
425 4033 444 4098 1,
462 4032 503 4082 aa.

327 4118 351 4185 ²)
369 4115 404 4169 da
422 4121 473 4168 sat.
491 4113 587 4168 Graec.
605 4112 685 4184 poesi
703 4118 732 4167 ot
748 4112 828 4170 Rom.
846 4119 899 4170 sat.

327 4203 351 4269 8)
367 4198 424 4254 Sar.
445 4199 467 4266 1,
479 4202 504 4266 r,
525 4202 598 4253 r-o.

326 4287 350 4358 ⁴)
366 4285 385 4342 l.
397 4284 415 4339 l.
433 4300 460 4353 p.
473 4289 512 4340 28.

327 4374 350 4439 ο)
367 4371 384 4424 ι.
397 4370 414 4424 ι.
432 4388 460 4439 p.
474 4374 522 4424 roa
534 4385 574 4438 sq.
