3052 5036
1245 423 1286 484 29

168 601 363 680 philosophos
386 601 494 661 multos
515 619 583 660 eum
606 618 719 660 summo
743 599 890 659 dedecore
914 597 1051 658 convivio
1076 599 1162 675 quasi
1185 599 1285 675 aliquo

168 704 376 780 Lapitharums
386 702 422 762 ab
439 703 627 764 Aristaeneto
651 705 798 779 apparato
820 701 993 762 interfuisse
1017 706 1130 761 narrat:
1154 701 1287 760 contine-

168 807 257 866 batur
275 805 402 867 tortasse
424 807 512 866 etiam
528 806 660 882 Menippi
689 803 856 882 Symposio,
885 804 948 863 sire
969 802 1071 863 lictum
1094 804 1158 864 sive
1181 821 1287 864 revera

169 908 280 969 factum
303 913 377 986 crat,
403 909 553 985 generalis
585 907 830 985 pbilosophorum
854 907 1034 982 vituperatio
1058 907 1106 965 vel
1128 905 1287 966 cavillatio.

253 1010 389 1071 Tertium
404 1010 535 1088 denique
549 1009 748 1088 fragmentum
762 1008 894 1087 Menippi
907 1007 988 1084 apud
1004 1008 1193 1068 Athenaeum
1210 1013 1237 1086 1,
1247 1011 1287 1070 32

170 1133 186 1174 e
209 1116 468 1175 commemoratum
484 1113 660 1188 invenimus,-
683 1129 742 1172 non
758 1110 910 1171 nominato
931 1111 1006 1171 libro
1023 1129 1060 1171 ex
1083 1129 1142 1188 qno
1163 1113 1288 1187 petitum

170 1221 224 1277 est.
266 1217 366 1292 Atque
396 1215 536 1276 laudatur
565 1215 606 1274 ibi
636 1213 757 1291 quidem
789 1214 940 1274 variorum
972 1214 1108 1273 vinorum
1139 1214 1288 1274 mentione

169 1317 251 1378 lacta
273 1305 291 1375 ὁ
314 1307 464 1387 Μύνδιος
485 1311 542 1375 καὶ
565 1303 583 1376 ὁ
607 1300 674 1374 α’πό
697 1303 952 1394 Ἁλικαρνάοσου
982 1304 1090 1386 οἶνοςι
1122 1322 1290 1392 sequnntur

170 1426 268 1480 autem
291 1420 381 1480 hese:
404 1406 422 1478 ὁ
445 1416 528 1497 γοῦν
543 1408 690 1488 Κυνικὸς
704 1411 883 1487 Μένιππος
906 1403 1095 1495 ἁλμοπότιν
1115 1407 1179 1496 τὴν
1198 1407 1289 1477 Μύν-

170 1516 232 1581 δον
255 1517 365 1601 φησίν.
411 1522 496 1597 Quae
512 1522 646 1600 Menippi
661 1520 754 1581 verba
770 1501 960 1598 ἁλμοπότιν
975 1509 1119 1580 Μύνδον
1140 1521 1289 1597 poeticam

169 1644 242 1703 prae
281 1642 314 1686 se
341 1625 420 1684 ferre
459 1625 588 1702 speeiem
620 1620 899 1695 Waohsmutuius1)
930 1641 1106 1700 persuasum
1137 1624 1228 1683 habet
1261 1628 1292 1683 et

170 1723 321 1800 Riesins²l
356 1730 438 1786 recte
473 1744 540 1787 eum
578 1724 728 1786 indicasse
760 1726 932 1786 coniectura
968 1743 1114 1803 perquam
1146 1725 1291 1802 probabili

170 1832 280 1890 censet.
331 1829 428 1889 Etiam
455 1830 489 1889 ΙΙ.
518 1830 552 1889 V.
579 1828 765 1888 Fritasehins
774 1823 798 1900 ³)
830 1828 931 1887 verbis
961 1828 1019 1888 illis
1055 1828 1171 1888 duobus
1202 1829 1292 1887 hemi·

170 1931 309 1992 stichium
338 1932 503 1992 hexametri
535 1930 681 1991 contineri
712 1947 768 2006 pro
797 1935 880 1990 certo
909 1930 1044 1990 affirmat.
1087 1931 1127 1990 let
1156 1929 1291 2009 prolecto

171 2034 282 2110 optimo
304 2033 370 2093 inre
392 2033 591 2110 fragmentum
613 2033 653 2092 ibi
675 2032 774 2109 poesis
789 2032 966 2108 Menippeas
989 2037 1108 2092 exstare
1130 2036 1292 2109 propterca

171 2137 374 2214 argumentari
402 2136 443 2195 illi
465 2138 644 2213 potuerunt,
673 2133 754 2211 quod
777 2135 950 2212 Menippum
980 2153 1041 2196 non
1070 2135 1164 2196 solum
1186 2153 1293 2212 prosae

171 2239 313 2299 orationis
335 2257 439 2299 verum
462 2238 550 2298 etiam
565 2239 728 2298 carminum
748 2238 925 2315 scriptorem
947 2237 1039 2298 luisse
1055 2240 1191 2298 veterum
1213 2237 1293 2297 testi·
1368 2265 1371 2271 ·

172 2340 277 2402 moniis
304 2343 459 2420 probatur.
512 2338 571 2400 Sed
600 2341 699 2416 poesis
728 2340 861 2418 Menippi
896 2339 1001 2418 Cynici
1036 2341 1184 2400 mentione
1213 2338 1293 2400 lacta

172 2444 228 2502 iam
264 2443 301 2503 ad
340 2443 474 2520 quintam
511 2441 601 2503 huius
642 2441 860 2503 dissertationis
898 2446 1012 2519 partem
1050 2444 1191 2521 perveni,
1225 2460 1292 2503 cum

173 2546 309 2623 quaestio
330 2544 368 2604 dc
384 2546 440 2605 hac
455 2544 522 2622 ipsa
536 2546 621 2624 poesi
643 2545 826 2606 instituenda
841 2546 922 2606 haud
944 2543 1031 2605 facile
1047 2545 1176 2622 disiungi
1199 2546 1295 2622 possit

172 2666 192 2707 a
213 2647 308 2708 torma
331 2648 509 2725 scriptorum
533 2647 759 2725 Menippeornm
784 2648 1001 2723 cognoscenda.

257 2751 357 2828 Atque
380 2754 414 2809 ut
438 2767 663 2828 praeoccupans
685 2751 771 2826 quasi
799 2746 920 2823 (etenim
950 2750 1132 2829 procedente
1162 2749 1293 2826 denique

173 2852 426 2912 demonstratione
457 2871 521 2912 mea
555 2851 627 2929 quid
660 2853 785 2912 sentiam
815 2851 933 2928 planius
963 2849 1129 2930 apparebit)
1162 2851 1294 2912 breviter

173 2955 359 3032 strictimque
382 2969 527 3030 exponam
548 2972 627 3030 quae
642 2953 713 3012 milui
728 2953 889 3014 videantur
904 2953 941 3013 de
956 2954 1052 3014 forma
1067 2954 1295 3032 Menippeornm

173 3058 332 3116 librorum:
355 3057 523 3134 Menippus,
546 3057 704 3116 satirarum
719 3057 858 3134 scriptor,
879 3058 909 3116 in
930 3056 1035 3116 iisdem
1058 3056 1144 3116 libris
1160 3058 1295 3117 oratione

173 3165 205 3218 et
235 3160 326 3235 ligata
355 3165 386 3218 ct
414 3160 513 3219 soluta
542 3159 697 3235 utebatur,
729 3158 822 3234 ligata
851 3163 950 3219 autem
988 3160 1083 3219 oratio
1113 3160 1161 3219 vel
1196 3161 1296 3235 poesis

173 3261 282 3337 partim
305 3263 343 3321 ab
367 3279 403 3321 eo
425 3261 491 3338 ipso
514 3262 679 3337 composita
693 3262 801 3337 partim
825 3279 863 3320 ex
885 3261 1010 3320 aliorum
1033 3265 1188 3337 poetarum
1212 3263 1295 3322 libris

173 3363 309 3441 parodia,
331 3380 409 3440 quae
425 3362 546 3441 dieitur,
567 3363 684 3422 deflexa
706 3368 787 3439 erat,
810 3361 940 3438 deniqne
956 3362 1105 3439 dialogum
1121 3365 1295 3441 usurpabat.

260 3467 391 3525 Primum
422 3465 514 3542 igitur
543 3466 701 3524 andrasum
731 3465 861 3542 scriptor
888 3464 946 3525 luit
968 3467 1134 3543 Menippus
1178 3467 1295 3527 Etenim

173 3587 231 3628 suo
253 3560 318 3629 iure
341 3567 470 3627 Probum
493 3567 531 3627 ad
558 3570 646 3644 Verg.
668 3567 722 3628 eol.
739 3571 767 3643 6,
782 3572 821 3628 31
847 3567 884 3626 de
907 3568 1007 3626 satiris
1029 3570 1205 3646 aMenippo
1228 3588 1296 3629 con·

173 3671 295 3746 seriptis
328 3669 436 3730 dixisse
470 3673 568 3730 statuo
609 3673 701 3747 atque
736 3671 792 3730 boe
826 3670 892 3730 loeo
930 3669 1188 3730 demonstraturus
1221 3688 1295 3730 sum.

173 3774 311 3851 Apparet
339 3777 437 3834 autem
469 3773 601 3833 Probum
631 3791 649 3831 a
678 3774 878 3833 Romanorum
907 3774 999 3832 satira
1028 3773 1189 3849 Menippea
1218 3791 1297 3850 quse

173 3875 356 3952 nominatur,
377 3875 498 3952 qualem
513 3876 626 3953 primns
648 3876 726 3936 inter
744 3875 895 3936 Romanos
912 3877 1006 3936 Varro
1030 3877 1207 3954 composuit,
1228 3894 1297 3953 pro

175 3978 288 4038 fectum
303 3979 413 4038 satirae
435 3994 543 4038 nomen
567 3976 648 4054 quod
670 3979 826 4056 proprium
848 3981 914 4038 erat
928 3979 1128 4038 Romanorum
1151 3976 1190 4037 ad
1205 3978 1297 4039 Grae-

175 4093 378 4102 ..ana-..num

264 4141 284 4209 ¹)
302 4140 337 4194 de
354 4139 470 4194 limone
487 4138 589 4195 Phlias.
607 4139 765 4208 ceterisque
784 4138 838 4194 sill.
855 4139 904 4194 Gr.
926 4156 954 4209 p.
966 4145 1006 4194 43.

261 4227 273 4259 Ι

262 4229 284 4375 ’ζ
301 4225 349 4365 ilel
364 4229 461 4378 speriplst.
486 4318 537 4364 sat.
564 4325 640 4379 spec.
671 4309 726 4372 ΙΙΙ,
745 4315 768 4364 Ι.
804 4308 840 4366 cl.
865 4308 916 4364 Th.
934 4308 1071 4364 Fritzsclr.
1099 4309 1213 4378 Menipp
1238 4310 1297 4365 und

175 4395 276 4450 Horon.
301 4411 329 4464 p.
341 4399 381 4449 tl.
