3052 5036
1223 427 1261 488 13

229 601 330 678 Atque
344 601 419 661 haee
441 600 561 678 quidem
584 601 673 661 habui
697 621 775 678 qnae
791 600 921 662 dicerem
943 601 981 662 de
997 601 1165 662 testimonio
1181 601 1261 678 quod

144 704 298 779 Diogenes
320 702 458 763 Laertius
481 702 518 762 de
542 703 674 780 Menippi
698 706 798 764 aetate
820 704 908 770 affert
930 707 960 764 et
982 703 1019 762 de
1040 702 1099 762 lide
1123 702 1264 779 dolraieo,

145 804 253 880 Diocli,
276 805 440 882 Hermippo
463 803 654 880 praestanda.

231 907 291 968 Sed
324 927 383 967 non
413 907 507 968 solum
531 926 569 968 ex
592 907 737 984 Diogenis
760 907 870 984 verbis,
901 925 1003 967 verum
1032 908 1123 966 etiam
1146 924 1183 965 ex
1213 905 1262 964 ad·

145 1010 299 1069 notatione
328 1010 419 1070 Probi
429 1006 450 1080 ¹)
480 1009 518 1068 sd
543 1011 632 1087 Verg.
654 1009 708 1068 eol.
724 1014 752 1087 6,
768 1013 807 1070 31
832 1010 1010 1086 intelligitur
1040 1028 1100 1086 qno
1130 1013 1264 1086 tempore

145 1109 235 1172 luerit
257 1111 425 1188 Menippus.
470 1109 557 1185 Quod
586 1111 706 1188 quidem
730 1112 873 1172 solrolinm
903 1111 958 1171 riri
987 1110 1068 1170 docti
1099 1111 1203 1169 mirum
1233 1110 1264 1170 iu
1291 1128 1295 1138 ·

145 1212 265 1272 modum
308 1213 385 1273 alins
424 1213 510 1274 aliter
551 1213 794 1274 dilaceraverunt
836 1219 865 1272 el
906 1213 1106 1273 detorserunt
1163 1212 1266 1272 Veluti

145 1311 338 1393 Oehlerus2),
360 1319 394 1376 nt
415 1318 588 1394 Menippum
618 1317 774 1392 aequalem
805 1315 896 1376 luisse
920 1316 1061 1392 Meleagri
1092 1315 1267 1392 comprobet

145 1421 258 1477 lomere
280 1419 474 1494 grammatico
497 1418 540 1477 illi
561 1417 649 1478 tidem
665 1418 831 1478 habendam
855 1435 921 1478 esse
941 1423 1044 1494 negat:
1068 1435 1165 1493 neque
1188 1416 1264 1474 eninr

146 1519 315 1596 qnempiam
339 1519 403 1580 lore
426 1526 653 1597 argumentatur
676 1520 727 1597 qui
751 1521 924 1597 Menippum
950 1524 1069 1595 poetam
1093 1520 1192 1578 lacere
1214 1522 1267 1578 arnt

146 1623 397 1698 saturographnm
419 1622 548 1699 probaro
569 1639 635 1682 enm
651 1623 750 1692 Probo
774 1622 854 1699 velit,
876 1640 942 1682 enm
968 1623 1100 1681 earmina
1115 1622 1266 1697 pepigisse

146 1741 214 1783 eum
238 1743 336 1800 neque
359 1724 434 1784 alius
456 1730 590 1786 veterum
613 1725 791 1801 scriptorum
808 1725 966 1801 qnisquam
989 1722 1146 1784 tradiderit
1170 1740 1266 1798 neque

147 1826 277 1886 indicum
307 1807 407 1888 exstet
434 1827 534 1888 ullum.
578 1828 684 1904 ltaque
707 1845 774 1887 enm
796 1827 885 1886 Probi
909 1825 1050 1886 indicium
1074 1825 1111 1884 de
1133 1826 1266 1902 Menippi

147 1946 258 2003 genere
280 1928 445 2006 scribendi,
474 1929 511 1990 de
535 1947 594 2004 qno
624 1935 729 2006 postea
751 1930 922 1989 accur-atius
944 1945 1140 2005 quaeremus,
1161 1927 1266 2004 proba-

148 2030 259 2090 bilitate
289 2049 392 2090 carere
416 2035 549 2108 putaret,
580 2049 617 2090 ne
647 2031 676 2090 in
707 2030 743 2090 iis
774 2030 894 2108 quidem
925 2049 1003 2105 qnae
1034 2030 1071 2089 de
1100 2033 1266 2106 temporum

147 2133 265 2192 ratione
287 2134 365 2192 inter
387 2132 559 2210 Menippum
590 2137 621 2192 et
643 2134 809 2193 Varronem
837 2133 1042 2194 intercedente
1064 2132 1142 2192 dictu
1169 2135 1269 2191 essent

148 2235 211 2294 veri
234 2238 286 2296 ant
315 2235 389 2296 recti
417 2234 581 2311 quidquem
613 2251 677 2296 esse
707 2253 885 2310 persuasum
916 2234 1026 2294 habuit
1071 2233 1117 2292 Ab
1148 2231 1269 2292 Oebleri

149 2339 298 2398 sententia
319 2336 400 2398 hand
431 2337 555 2397 multum
586 2335 737 2414 discrepat
755 2332 1053 2407 'Waehsmntlrius³l:
1081 2336 1190 2394 etenim
1219 2335 1268 2394 ille

149 2457 329 2516 quamquam
353 2457 477 2517 prorsus
493 2459 552 2500 non
576 2457 641 2500 esse
657 2438 731 2500 dicit
753 2457 808 2500 eur
822 2442 949 2515 negetur
971 2439 1078 2500 satiras
1092 2455 1111 2496 a
1126 2437 1269 2514 Menippo

150 2542 328 2617 compositas
344 2560 419 2620 esse,
441 2543 530 2620 plane
547 2543 664 2602 silentio
680 2543 827 2619 praeterit
841 2542 937 2619 prima
952 2541 1056 2600 scholii
1071 2541 1152 2600 illlus
1168 2540 1270 2615 rerba,

150 2661 188 2703 ue
211 2643 275 2704 nlla
296 2643 416 2720 quidem
440 2645 555 2705 ratione
578 2663 681 2704 eornm
704 2644 806 2704 habita
828 2644 866 2704 de
888 2643 1037 2705 industria
1057 2643 1210 2716 nimirum,
1231 2659 1269 2701 ue

150 2746 218 2821 quis
241 2745 308 2806 inde
337 2750 515 2823 argumenta
544 2752 661 2822 repetat
690 2746 800 2823 quibus
823 2746 994 2823 Menippum
1024 2743 1178 2822 aequalem
1209 2763 1269 2804 non

150 2847 244 2908 luisse
274 2849 418 2926 Meleagri
455 2849 682 2910 demonstretur.
726 2848 798 2907 Mihi
827 2847 947 2924 quidem
978 2846 1065 2908 nimis
1101 2845 1270 2924 neglexisse

150 2947 291 3010 videntur
314 2952 369 3009 viri
393 2949 473 3011 docti
496 2949 585 3011 Probi
610 2949 701 3010 verba
729 2968 898 3027 parumque
921 2948 1012 3026 digne
1039 2954 1161 3027 putasse
1192 2966 1271 3025 qnae

150 3057 292 3111 accurate
308 3056 531 3128 excuterentur,
554 3071 652 3130 neque
666 3052 808 3128 intellego
825 3071 884 3130 quo
900 3052 965 3112 inre
980 3051 1055 3112 fides
1070 3052 1175 3113 sclrolii
1191 3051 1272 3110 illins

149 3152 181 3212 in
204 3151 420 3214 dubitationem
442 3164 575 3216 vocetur.
618 3157 710 3214 lmmo
733 3169 821 3214 vero:
851 3155 999 3214 scholium
1021 3153 1109 3224 illud,
1141 3151 1223 3230 qnod
1246 3152 1271 3211 si

153 3261 235 3315 reete
264 3257 432 3334 inspexeris
461 3257 499 3317 ad
528 3256 787 3334 interpretandum
822 3275 881 3318 nou
912 3255 1032 3314 difficile
1060 3272 1126 3314 esse
1156 3254 1272 3314 videbis

152 3357 355 3420 doctissimum
378 3365 408 3420 et
436 3378 560 3436 prorsus
590 3359 778 3438 probandum
801 3365 874 3436 puto
898 3363 1085 3436 etquenam
1112 3358 1272 3434 Menippus

151 3465 249 3520 aetate
266 3463 355 3536 longe
370 3463 570 3540 praecesserit
585 3456 756 3538 Varronem,
778 3461 855 3522 idern
871 3460 935 3520 lere
957 3465 1076 3537 tempus
1091 3459 1161 3518 inde
1176 3457 1273 3518 elfieio

152 3580 214 3639 qno
237 3564 411 3640 Menippum
434 3564 545 3624 vixisse
567 3582 660 3642 supra
683 3563 895 3624 demonstravi.

240 3665 333 3726 Venio
362 3683 442 3726 nune
477 3665 516 3725 ad
551 3666 719 3726 testimonia
748 3665 887 3736 Luciani,
926 3665 979 3742 qni
1008 3662 1143 3740 Menippi
1173 3661 1275 3740 vitam,

152 3785 261 3838 mores,
283 3769 397 3844 scripta
418 3771 528 3846 optime
550 3766 687 3845 prolecto
703 3768 852 3842 cognovit.
896 3766 1084 3844 Quamquam
1100 3769 1199 3826 autern
1223 3765 1274 3825 ille

152 3876 267 3931 certum
284 3888 393 3930 anuum
416 3889 476 3948 qno
492 3872 652 3949 Menippus
674 3869 765 3930 luerit
786 3888 845 3931 nou
861 3869 1051 3946 significarit,
1072 3872 1171 3930 tamen
1191 3867 1275 3927 dubi·

242 4072 263 4133 ¹)
280 4067 363 4120 Probi
390 4067 477 4121 verba
504 4072 571 4120 sunt
597 4067 677 4120 baec:
707 4065 796 4120 Varro
819 4066 986 4136 Menippeus
1012 4081 1067 4119 nou
1095 4079 1111 4118 a
1134 4063 1276 4132 magistro,

154 4153 234 4206 onius
257 4159 335 4208 aetas
360 4152 443 4221 longe
468 4156 674 4221 praecesserat,
700 4147 871 4219 nominatus,
894 4151 945 4205 sed
969 4166 985 4205 a
1008 4150 1140 4204 societate
1164 4149 1276 4216 ingenii,

154 4238 272 4308 quodie
291 4252 402 4306 quoqne
420 4237 567 4306 omnigeno
586 4236 705 4291 carmine
724 4237 824 4291 satiras
843 4251 909 4292 suos
927 4237 1107 4306 expetiverat.

240 4326 250 4355 ²
292 4363 327 4376 ..
367 4327 424 4376 .28.

240 4327 263 4475 ³}
280 4323 322 4462 did
340 4339 455 4462 'dimone
472 4407 574 4463 Phlius.
593 4408 750 4476 ceterisque
768 4407 820 4463 sill.
839 4409 886 4462 Gr.
913 4423 940 4477 p.
953 4411 986 4461 lt
996 4424 1037 4477 sq.
