3052 5036
271 431 290 489 4

356 604 487 662 Primum
522 603 614 678 igilur
639 620 700 678 quo
735 605 867 680 tempore
898 603 1008 662 vixerit
1037 605 1196 681 Menippus
1227 605 1390 666 videamus.

272 706 339 780 Qua
362 705 399 764 de
422 724 454 763 re
478 707 628 780 Diogenes
650 705 788 764 Laertius
812 709 840 781 6,
852 708 892 767 99
915 707 990 765 haee
1017 705 1123 766 refer-l:
1150 696 1193 764 τὰ
1215 700 1252 765 δὲ
1278 701 1390 780 βιβλία

271 793 376 866 αὐτοῦ
407 808 436 875 (i.
461 826 485 866 e,
509 801 703 878 Μενίππου)
735 802 864 865 πολλου
892 801 1122 883 καταγέλωτος
1153 802 1251 886 γέμει·
1273 803 1330 866 καί
1357 825 1390 866 τι

271 899 345 969 ἶσον
367 915 439 978 τοῖς
460 897 659 986 Μελεάγρου
680 905 742 966 τοῦ
764 894 839 968 κατ’
862 895 966 968 αὐτὸν
989 905 1182 988 γευομένου.
1228 911 1311 985 Quae
1327 911 1391 987 qui·

271 1015 337 1073 (lem
354 1013 446 1072 verba
468 1016 528 1089 ael,
551 1012 580 1070 id
604 1011 685 1088 quod
710 1013 778 1071 milri
802 1013 928 1072 maxime
943 1012 1098 1090 probabile
1114 1013 1242 1085 videtur,
1264 1031 1390 1092 prorsus

271 1121 341 1176 sunt
363 1115 528 1190 depravata
550 1119 609 1189 aui,
631 1113 661 1172 id
684 1116 765 1190 qnod
788 1115 839 1173 vix
862 1097 1022 1174 verisimile
1044 1120 1098 1190 est,
1120 1116 1283 1191 Diogenem
1299 1116 1389 1176 Laer-

270 1221 342 1279 tinm
366 1220 520 1294 ignorasse
536 1217 752 1292 demonstrant,
773 1237 833 1295 qno
856 1222 990 1294 tempore
1012 1217 1104 1278 luerit
1126 1219 1276 1294 Meleager
1293 1217 1390 1278 Gada-

270 1340 371 1381 renua.
422 1321 469 1380 lta
503 1325 601 1379 autem
632 1319 679 1378 hie
709 1320 871 1396 legendum
900 1339 966 1379 ease
997 1325 1107 1381 statuo:
1140 1307 1182 1378 τά
1212 1313 1247 1378 δὲ
1278 1315 1389 1394 βιβλία

270 1410 376 1482 αὐτοῦ
403 1419 539 1480 πολλοῦ
560 1415 794 1499 καταγέλωτος
814 1421 902 1499 γέμει
925 1407 999 1479 κατ’
1021 1411 1096 1480 ῖοου
1117 1429 1190 1493 τοῖς
1210 1417 1273 1480 τοῦ
1287 1420 1388 1481 Μελε-
1438 1419 1441 1424 ’

271 1511 376 1604 άγρου
398 1523 458 1582 roo
482 1508 539 1582 ἀπ’
554 1507 659 1582 αὐτοῦ
681 1519 881 1602 γευομένου·
902 1543 1007 1601 nempe
1023 1515 1218 1603 Μελεάγρου
1238 1519 1302 1582 τοῦ
1321 1511 1388 1581 άιιό

269 1623 454 1687 Μενίππου
475 1627 552 1686 idom
575 1633 620 1686 est
642 1627 723 1703 quod
739 1617 937 1706 Μελεάγρου
952 1624 1014 1686 τοῦ
1028 1622 1241 1686 Μενιιιιιείου
1260 1628 1389 1702 lieetque

270 1732 299 1789 in
313 1732 496 1806 Meleagrum
509 1748 544 1788 ea
559 1729 724 1789 transferre
736 1748 813 1806 quae
825 1728 974 1801 Pr·obns,¹)
991 1730 1178 1808 orrannum
1194 1723 1388 1803 Diomedes,3)

269 1830 348 1902 aiiii)
378 1831 417 1896 'de
449 1834 583 1891 Varrone
613 1832 799 1908 seripserunt
829 1850 895 1891 eum
925 1833 1115 1908 Menippenm
1147 1851 1214 1892 eum
1246 1833 1389 1892 dieereni.

269 1935 327 1993 Alii
350 1935 421 1993 alias
444 1935 631 1993 eonieeiuras
658 1933 807 1993 fecerunt:
830 1918 903 1992 κατ’
925 1923 1001 1992 ῖοον
1023 1953 1078 2012 pro
1101 1928 1157 1992 καί
1178 1951 1210 1992 τι
1232 1923 1307 1992 ἶσον
1329 1933 1388 2007 legi
1414 1955 1415 1958 ¹

269 2038 375 2096 volunt
386 2034 573 2109 Heekernsii
590 2037 772 2112 potissimum
786 2041 876 2113 alque
888 2039 943 2096 'lin
955 2038 1139 2098 Friizsobius
1148 2035 1185 2109 ὓ);
1201 2037 1234 2096 F.
1245 2035 1280 2095 V.
1292 2037 1387 2094 Fritz·

268 2140 369 2198 sebius
401 2140 485 2198 euius
514 2138 670 2198 lectionem
702 2145 833 2199 eebor-nm
864 2141 959 2216 probo
989 2144 1079 2216 atque
1109 2157 1220 2216 sequor
1242 2141 1272 2198 in
1295 2140 1388 2215 speei-

268 2240 1386 2318 Mmfflmwmmmmmmmmmmmmmm

267 2346 391 2404 oonieit:
421 2333 465 2400 τά
487 2337 523 2401 cib
546 2338 657 2416 βιβλία
681 2329 787 2402 αὐτοῦ
811 2339 943 2403 πολλοῦ
966 2339 1199 2422 καταγέλωτος
1220 2339 1309 2422 γέμει
1331 2337 1388 2400 καί

266 2465 298 2504 τι
320 2439 394 2504 ioov
417 2435 481 2522 ἔχει
503 2451 574 2515 τοῖς
597 2436 792 2524 Μελεάγρου
814 2442 877 2504 τοῦ
900 2431 974 2504 κατ’
997 2431 1103 2504 ababa
1125 2441 1325 2524 γευομένου,
1356 2447 1386 2504 in

266 2568 345 2624 epea.
367 2553 467 2608 antem
490 2549 539 2620 IV,
555 2552 615 2626 p.4
639 2550 694 2606 ita:
723 2537 766 2605 τά
795 2542 831 2606 δὲ
861 2543 974 2622 βιβλία
1004 2533 1111 2607 αὐτοῦ
1132 2544 1268 2607 πολλοῦ
1289 2564 1387 2605 κατα-

265 2645 412 2728 γέλωτος
433 2645 522 2727 γέμει
545 2640 693 2709 κατὰτὸ
716 2643 791 2709 ίσου
808 2658 879 2720 τοῖς
895 2642 1095 2731 Μελεάγρου
1117 2647 1180 2709 τοῦ
1202 2635 1259 2710 ἀπ’
1282 2636 1388 2709 αὐτοῦ

265 2752 329 2826 (aut
349 2749 413 2810 τοῦ
434 2737 504 2830 μετ’
520 2739 638 2824 αὐτὸν)
654 2747 845 2830 γενομένου,
869 2755 1025 2814 Heekorua
1045 2754 1176 2831 denique
1192 2753 1209 2814 Ι.
1224 2755 1241 2812 Ι.
1257 2755 1300 2813 aie
1316 2755 1387 2812 aeri·

265 2855 396 2914 bendum
419 2873 484 2914 ease
508 2859 626 2913 eeneel:
649 2839 724 2912 κατ’
740 2843 815 2912 ῑοου
829 2861 901 2924 τοῖς
917 2842 1115 2934 Μελεάγρου
1130 2851 1193 2914 τοῦ
1208 2850 1264 2914 καί
1280 2841 1388 2914 αὐτοῦ

263 2954 404 3014 κυνικοῦ
439 2949 640 3034 γενομένου,
679 2975 745 3016 eum
781 2957 959 3018 vocabulum
997 2959 1077 3035 quod
1109 2961 1261 3018 revoeavil
1296 2958 1386 3017 faeile

263 3063 387 3134 proptor
418 3059 640 3118 similitudinem
671 3059 853 3134 syllabarum
883 3045 957 3118 κατ’
987 3046 1091 3118 αὐτοῦ
1122 3060 1215 3120 omitti
1247 3061 1387 3136 potnerit.

264 3159 323 3220 Sed
348 3166 380 3220 ut
402 3161 495 3220 verba
518 3162 585 3240 illa,
616 3162 653 3220 (lo
677 3162 786 3238 quibus
808 3164 920 3239 agitur,
948 3164 1123 3240 incorrupta
1145 3163 1211 3234 sint,
1234 3162 1387 3239 Meleagri,

264 3282 322 3322 non
354 3265 487 3339 Menippi
519 3267 644 3324 aetatem
668 3267 820 3340 Diogenes
850 3283 992 3342 perverse
1023 3264 1071 3323 vol
1093 3265 1198 3324 vitiose
1226 3266 1386 3324 memoriae

263 3364 1386 3444 gmfflMwmmoMmmffimmmpwmmmmmdmm

263 3466 382 3526 dissime
404 3469 628 3545 rectissimeque
651 3469 756 3529 litteris
773 3468 924 3528 mandavit
942 3487 1002 3546 quo
1021 3473 1155 3544 temporo
1168 3469 1259 3529 inerit
1271 3470 1385 3544 Menip-

262 3570 1385 3648 mafflmmmmmmfflmmmwfflfflwm

262 3673 280 3730 i.
296 3690 321 3730 o.
344 3691 423 3732 anno
446 3671 510 3732 fere
534 3675 694 3734 centesimo
717 3673 810 3734 luisse
832 3673 1008 3748 effecerunt,
1037 3672 1086 3731 alii
1110 3674 1166 3732 alia
1190 3674 1385 3748 collegerunt.

349 3889 369 3954 ¹)
387 3887 423 3940 ad
441 3886 525 3954 Verg.
546 3887 601 3939 llol.
615 3893 639 3953 li,
657 3903 683 3954 μ.
701 3890 738 3938 ll.

346 3974 484 4040 ²)p.1la.

345 4058 369 4121 ³)
386 4061 483 4124 μου.

346 4145 368 4204 ⁴)
387 4139 540 4210 Symmaeb.
559 4146 631 4195 anet.
650 4157 714 4210 epp.
732 4144 755 4195 2.
797 4137 943 4196 Arnobius
966 4146 989 4210 6,
1003 4146 1043 4196 23.
1088 4143 1245 4212 Eulyohius
1268 4160 1294 4213 p.
1308 4147 1382 4199 2169.

259 4227 290 4280 P.
306 4231 361 4280 175.

346 4310 691 4380 bmffimMnm.

345 4400 368 4462 6)
385 4396 497 4466 Monipp
515 4413 539 4450 u.
559 4398 657 4451 Horae.
676 4414 702 4466 p.
719 4403 757 4452 lb.
