3052 5036
1199 365 1204 375 '
1260 382 1279 442 o

157 556 282 632 musque
303 558 562 634 argumentatione
585 557 780 634 comprobata
800 558 918 618 Riusins
932 554 953 630 ¹)
976 575 1014 617 er
1037 557 1083 616 his
1106 556 1178 632 ipsis
1201 575 1278 632 quae

157 657 246 718 modo
269 659 353 719 attuli
369 659 545 719 testimoniis
561 660 662 735 eolligi
678 678 765 736 posse
781 659 986 720 existimarent
1002 659 1134 737 Menippi
1150 662 1277 718 aetatem

158 778 252 836 usque
284 759 323 821 ad
354 761 499 838 Meleagri
531 761 715 823 iuventutern
752 779 817 822 esee
852 761 1038 840 prodnetam.
1090 761 1276 838 Quamquam

156 859 304 922 Oeblerus
333 864 398 939 ipse
428 868 605 942 argumento
636 864 716 942 quod
747 866 835 924 affert
860 865 934 924 nihil
965 863 1155 929 demonstrat.
1200 862 1279 923 Dieit

156 965 235 1024 onim
266 967 438 1026 Mansonsm
451 963 474 1038 2)
509 968 603 1026 verba
641 963 760 1045 πρῶτα
793 961 1014 1036 Mercuriolum
1050 953 1278 1043 συντροχάσας

163 1055 300 1144 Χάρισιν
322 1069 366 1128 sie
388 1073 470 1129 reete
493 1087 559 1130 esse
579 1071 824 1146 interpretatum:
847 1070 1019 1146 primusque
1042 1067 1158 1128 obviam
1180 1066 1277 1126 iaetus

155 1185 219 1228 sum
242 1170 410 1248 Menippeis
433 1171 542 1232 Gratiis
570 1172 619 1230 vel
640 1173 754 1231 sosium
777 1190 823 1232 me
845 1171 881 1232 iis
903 1170 1041 1248 adiunxi,
1064 1171 1092 1229 lr.
1114 1188 1138 1229 e.
1160 1170 1277 1230 iuvenis

155 1271 328 1349 Menippum
360 1279 480 1334 seentus
509 1274 621 1334 salibus
648 1281 679 1334 et
701 1273 813 1334 festivis
837 1275 1023 1334 sermonibus
1046 1290 1167 1350 operam
1190 1271 1276 1342 dedi3

154 1373 242 1434 aliter
264 1377 389 1436 vertisse
411 1395 449 1437 ea
471 1377 563 1437 verba
585 1376 621 1451 Q.
636 1377 811 1454 Septimium
835 1376 1004 1438 Florentem
1028 1375 1228 1436 Christianum
1238 1371 1275 1446 ³l:

154 1492 280 1554 sumque
295 1479 471 1556 Menippeos
486 1480 621 1540 aemulus
636 1481 702 1538 arte
718 1479 805 1539 sales
848 1477 908 1538 Sed
923 1477 1050 1556 primum
1066 1476 1136 1536 mihi
1154 1475 1275 1553 quidem

153 1577 416 1654 interpretationes
444 1581 514 1642 illae
543 1600 619 1659 quas
650 1581 785 1642 diversas
814 1599 880 1641 esse
909 1579 1057 1641 Oehlerus
1086 1582 1173 1656 putat
1194 1578 1274 1637 lrand

153 1679 195 1738 ita
210 1681 332 1742 multum
349 1681 461 1743 distare
477 1684 624 1744 ridentur.
669 1682 787 1744 Deinde
801 1702 839 1743 ex
855 1683 1008 1743 Mansonis
1027 1681 1275 1757 interpretatione

153 1780 228 1840 nibil
248 1782 328 1843 aliud
352 1783 480 1844 efficitur
503 1802 592 1862 quam
617 1786 799 1863 Meleagrum
822 1787 959 1844 iuvenem
990 1783 1117 1860 vestigia
1138 1785 1273 1842 secutum

152 1899 218 1943 osae
243 1885 381 1963 Menippi.
424 1887 492 1948 Non
516 1887 603 1950 video
626 1907 686 1966 quo
709 1890 774 1948 inre
797 1885 944 1948 Oehlerus
969 1887 1011 1946 ita
1033 1885 1186 1962 disputare
1208 1901 1272 1961 per·

152 1990 219 2062 gat:
249 1985 280 2046 id
312 2007 350 2049 ex
379 1990 482 2050 verbis
511 1989 577 2051 istis
605 1989 705 2051 lueida
734 1994 862 2068 apparet
884 1989 1058 2066 Menippum
1081 2005 1116 2047 eo
1139 1990 1275 2065 tempore

152 2088 210 2148 iam
233 2089 380 2170 floruisse,
402 2093 419 2152 i.
436 2111 461 2153 e.
484 2111 580 2170 nsque
601 2093 639 2152 ad
662 2094 691 2152 id
715 2092 779 2154 iere
801 2097 918 2170 tempus
941 2094 1070 2152 aetatem
1085 2087 1274 2167 produxisse,

152 2209 214 2268 qno
250 2193 382 2256 seribere
419 2196 569 2273 Meleager
600 2203 629 2258 et
666 2196 757 2257 libros
794 2195 924 2256 eondere
954 2195 1082 2274 primum
1117 2191 1271 2271 inceperit.

151 2292 267 2355 Floruit
288 2297 408 2373 quidem
433 2298 489 2358 illis
512 2299 695 2375 temporibus
718 2299 766 2358 vel
787 2302 952 2375 pervagata
973 2299 1039 2356 erat
1060 2295 1157 2373 gloria
1180 2298 1271 2372 atque

151 2399 315 2459 auotoritas
337 2401 484 2478 Menippi‚
514 2401 579 2478 ipse
608 2399 666 2461 iam
695 2420 754 2461 uon
777 2399 853 2460 vixit
875 2418 974 2478 neque
996 2400 1105 2459 floruit
1148 2397 1206 2458 Sed
1228 2397 1271 2456 sie

150 2500 251 2576 potins
286 2505 400 2563 statuo:
435 2503 617 2580 Meleagrum
653 2504 692 2563 ab
730 2501 893 2563 imitatione
934 2502 1066 2579 Menippi
1102 2499 1270 2578 profectum

150 2602 276 2678 primum
298 2602 382 2664 libris
413 2623 489 2683 quos
518 2623 610 2681 supra
632 2605 858 2665 commemoravi
881 2604 1000 2681 seriptis
1022 2606 1128 2680 postea
1150 2601 1187 2660 ad
1211 2602 1272 2679 epi-

149 2709 315 2780 grammata
337 2707 542 2784 componenda
565 2708 606 2767 ita
627 2726 659 2768 ae
682 2707 932 2783 convertissent
955 2705 1180 2782 Menippearum
1196 2703 1271 2764 Gra·

148 2805 255 2865 tiarum
295 2825 356 2869 nou
397 2810 488 2870 semei
530 2809 644 2871 iaoeret
680 2811 867 2872 mentionem.
919 2809 1004 2882 Quae
1034 2826 1101 2868 eum
1132 2808 1173 2866 ita
1202 2807 1271 2883 sint,

148 2913 276 2985 apparet
296 2909 489 2972 vehementer
512 2913 660 2972 erravisse
682 2912 846 2989 Diogenem
873 2911 1039 2981 Laertium,
1071 2927 1136 2968 eum
1161 2926 1269 2985 aequa·

147 3009 203 3070 lom
227 3011 359 3089 Menippi
382 3014 564 3091 Meleagrum
587 3014 678 3074 inisse
692 3013 835 3074 ailirmet
879 3013 999 3074 Erravit
1024 3018 1123 3072 autem
1147 3029 1207 3071 non
1230 3009 1269 3071 de

147 3113 290 3190 Menippi‚
313 3113 367 3174 sed
389 3115 591 3192 deMeleagri
615 3118 677 3176 vita
699 3114 918 3178 constituenda.
961 3115 1095 3191 Etenim,
1121 3108 1269 3189 utsupra

148 3211 218 3286 dixi,
240 3234 302 3292 quo
318 3217 478 3296 Menippus
494 3217 583 3278 inerit
597 3223 731 3296 tompore
750 3218 844 3297 probo
866 3219 981 3278 solebat
1003 3235 1102 3295 neque
1124 3216 1153 3276 in
1177 3214 1267 3276 dubio

146 3318 268 3393 reliquit
289 3318 411 3396 quando
432 3319 545 3382 vixisse
565 3321 649 3381 illum
665 3322 728 3398 ipse
743 3338 920 3400 persuasum
942 3318 1087 3380 habuerit.
1131 3317 1268 3394 Apparet

146 3423 245 3480 autem
289 3421 363 3481 illud
408 3423 535 3500 primum
578 3442 618 3483 ex
662 3424 777 3500 ordine,
819 3441 908 3500 quem
930 3408 979 3482 ¹in
1021 3421 1265 3498 philosophorum

145 3521 207 3581 vita
238 3526 328 3600 atque
357 3522 515 3600 disciplina
544 3525 748 3586 enumeranda
778 3526 929 3602 Diogenes
959 3523 1006 3583 his
1036 3523 1065 3583 in
1095 3523 1186 3583 rebus
1215 3521 1265 3582 ad-

145 3623 264 3686 modum
287 3626 414 3703 diligeus
437 3631 546 3687 servat.
590 3629 636 3688 Ex
659 3628 716 3688 hoe
738 3633 837 3688 autem
859 3627 924 3705 ipso
947 3625 1053 3686 ordine
1066 3625 1109 3685 ita
1123 3628 1265 3685 ooutexte

144 3729 178 3787 ut
199 3727 237 3788 de
259 3745 442 3807 nemusque
464 3735 548 3792 aeota
569 3729 740 3807 singillatim
763 3730 880 3790 dieatur
900 3728 1002 3806 ibique
1024 3729 1063 3788 ab
1078 3728 1114 3787 iis
1129 3726 1180 3803 qui
1196 3745 1265 3787 een-

144 3832 304 3890 stituerant
342 3830 516 3909 diseipliuaa
550 3831 589 3893 ad
624 3833 806 3894 reeentiorea
839 3831 1033 3910 philosophos
1063 3829 1265 3890 deseeudatur

129 3933 329 4011 temporibus
350 3934 571 3996 accuratissimo
594 3933 759 3996 observatis
780 3934 868 3996 iueile
889 3934 1069 4012 perspicitur
1089 3933 1263 4012 Menippum

231 4098 252 4162 ¹)
269 4095 303 4149 M.
322 4096 384 4152 Ter.
403 4096 537 4152 Varronis
555 4102 607 4151 sat.
626 4096 747 4167 Menipp.
764 4075 842 4166 reliq.¹
872 4114 899 4166 p.
913 4100 936 4150 8.

227 4183 251 4245 ²)
269 4180 359 4250 Reliq.
378 4181 510 4250 Meleagri
528 4198 555 4250 p.
571 4186 616 4235 157
636 4183 711 4249 (deu.
726 4186 811 4248 1789).

228 4267 251 4334 ³)
273 4267 351 4336 apud
379 4266 520 4321 Graefium
555 4267 584 4322 in
619 4267 663 4321 ed.
695 4266 826 4336 Meleagri
855 4267 925 4321 Gad.
960 4266 1127 4336 Epignomm.
1162 4280 1190 4333 p.
1213 4267 1260 4317 176

138 4351 229 4421 (Lips.
244 4354 328 4418 tort).
