3052 5036
715 832 937 916 vlvu.

776 1007 878 1014 -ιιοα-

352 1129 450 1188 Natus
466 1146 531 1188 aum
555 1129 741 1204 Eugenius
765 1128 959 1188 Wildeuow
974 1127 1165 1190 Francot'nrti
1189 1130 1225 1190 ad
1242 1129 1387 1190 Viadrv'rnr

266 1251 292 1290 u.
308 1230 334 1290 d.
350 1232 385 1290 X.
401 1229 461 1290 kal.
476 1230 533 1290 Jul.
556 1231 626 1290 anni
650 1229 677 1289 b.
693 1249 714 1291 s.
731 1230 783 1290 LV
805 1237 891 1308 patre
914 1231 1061 1310 Gustavo,
1091 1238 1184 1292 matre
1213 1231 1341 1292 Adelina
1367 1251 1387 1292 e

265 1337 355 1409 gente
378 1331 518 1404 Schmidt,
541 1350 630 1409 quarn
654 1332 723 1392 mibi
746 1334 880 1409 quinque
902 1351 997 1392 annos
1021 1339 1090 1394 nato
1112 1339 1208 1394 morto
1231 1334 1387 1411 abreptam
1450 1363 1453 1368 ¹

265 1453 329 1495 esse
351 1435 447 1510 lugeo.
491 1435 575 1494 Fidei
598 1435 735 1497 addictus
757 1453 822 1494 eum
846 1435 1043 1511 evangelicae.
1088 1436 1195 1496 Primis
1215 1419 1387 1498 litterarum

264 1537 418 1597 clementis
442 1538 558 1597 urbana
580 1537 609 1596 in
633 1537 736 1596 schola
758 1537 852 1596 civica
875 1554 952 1612 quae
968 1535 1077 1597 dicitur
1092 1539 1255 1614 superioris
1270 1537 1388 1597 ordinis

264 1639 394 1708 imbutus
416 1640 473 1699 Xll
495 1657 589 1699 anuos
618 1645 707 1698 natus
733 1639 922 1716 gymnasium
953 1638 1011 1699 adii
1033 1638 1279 1700 Fridericianum.
1323 1641 1388 1700 Ma·

264 1742 393 1801 turitatis
422 1741 622 1801 testimouium
654 1759 755 1801 mense
785 1741 951 1801 Februario
975 1742 1002 1800 b.
1022 1759 1044 1801 s.
1067 1759 1092 1800 a.
1108 1741 1232 1802 LXXIV
1256 1741 1388 1818 adeptus

262 1845 341 1903 inter
363 1843 443 1903 cives
465 1842 668 1904 universitatis
691 1842 854 1902 Viadrinae
878 1843 1118 1902 Vratislavieusie
1144 1849 1283 1920 receptus
1309 1859 1388 1918 sum,

263 1947 313 2005 ubi
333 1945 441 2006 studiis
462 1944 650 2026 philologieis
673 1963 796 2021 operam
821 1945 928 2004 novavi
952 1950 982 2005 et
1003 1945 1112 2005 scholis
1135 1945 1255 2006 interfui
1271 1965 1318 2003 vv.
1335 1943 1387 2004 dd.

263 2049 302 2107 bl.
334 2048 489 2125 Hertnii,
531 2045 843 2124 Reifferscheidii,
887 2048 1118 2125 Rossbacbii,
1162 2048 1386 2132 Riuemneri,

262 2149 414 2226 Diitbei‚
436 2148 613 2209 Pfaiiferi.
658 2149 717 2208 Per
740 2150 797 2210 tria
820 2151 973 2210 semestria
996 2150 1035 2210 ibi
1057 2155 1194 2210 versatus
1217 2149 1384 2228 litterarum

263 2250 485 2311 universitatem
508 2251 580 2327 petii
603 2251 764 2311 Haleusem
787 2270 853 2311 cum
868 2251 1074 2328 Vitebergeusi
1098 2251 1309 2324 consociatam,
1331 2250 1385 2309 ubi

261 2353 359 2412 studia
373 2352 554 2431 philologioa
576 2353 748 2412 continuavi
772 2357 802 2412 et
823 2353 1076 2432 praeceptoribus·
1092 2338 1165 2412 nsua
1188 2371 1253 2412 snm
1270 2370 1317 2410 vv.
1332 2351 1385 2411 dd.

261 2451 496 2542 Erdmannio,
534 2453 702 2530 Goechio,
734 2455 902 2530 Haymio,
931 2453 1217 2532 Heydamannio‚
1246 2453 1384 2530 Kciiio,

260 2547 445 2634 Kramero,
474 2557 608 2627 Pottio,
637 2557 806 2618 Zacbero.
850 2557 895 2618 lbi
919 2556 988 2615 mibi
1012 2556 1149 2633 contigit,
1178 2560 1211 2616 ut
1239 2573 1293 2634 per
1324 2556 1384 2616 tria

260 2660 414 2718 semestria
435 2660 584 2720 seminarii
607 2655 804 2735 paedagogici
819 2655 1083 2720 exercitationibus
1102 2657 1210 2735 quibus
1233 2658 1385 2718 Kramer

259 2765 436 2838 praeceptor
469 2761 522 2821 cel.
555 2764 709 2838 praeerat
732 2762 883 2838 particeps
914 2777 1018 2820 essem.
1076 2759 1252 2820 Societatem
1291 2759 1382 2819 etiam

258 2864 459 2938 germanicam
490 2879 567 2939 quae
599 2862 751 2922 'dacheri
782 2881 810 2922 v.
831 2862 866 2949 cl
897 2863 1038 2938 auspiciis
1069 2862 1195 2922 florebat
1229 2879 1285 2939 per
1319 2861 1382 2921 duo

258 2965 413 3024 semestris
441 2964 640 3041 frequentavi.
688 2965 734 3024 Ita
763 2983 830 3024 oum
860 2983 916 3040 per
944 2968 1060 3042 septem
1090 2953 1246 3024 semestria
1273 2961 1380 3023 studiis

258 3066 436 3127 academicis
465 3085 588 3146 operam
618 3065 783 3138 dedissem,
814 3067 985 3126 Beroliunm
1016 3083 1062 3125 ma
1092 3065 1218 3142 contuli,
1247 3065 1296 3126 ubi
1324 3083 1380 3143 per

257 3167 334 3228 duos
350 3187 444 3230 annos
468 3187 590 3230 munero
605 3168 811 3246 praeceptoris
827 3169 936 3245 privati
960 3168 1107 3244 fungebar
1129 3185 1226 3244 neque
1247 3184 1378 3244 unquam

258 3273 287 3331 in
311 3271 417 3332 litteris
440 3271 554 3332 versari
577 3271 821 3348 intermittebam,
844 3275 877 3332 nt
899 3275 988 3348 aptus
1010 3271 1167 3331 existerem
1190 3269 1229 3330 ad
1252 3287 1377 3330 examen

256 3393 312 3452 pro
334 3373 391 3434 sac,
413 3373 478 3434 doc.
501 3373 717 3436 sustinendum.
765 3373 853 3448 Quod
884 3392 951 3432 cum
974 3390 1074 3433 mense
1092 3371 1255 3432 Novembri
1270 3390 1296 3430 a.
1311 3371 1340 3431 b.
1355 3388 1379 3431 s.

257 3475 380 3536 LXXIX
403 3481 532 3537 exeunte
553 3494 698 3554 prospere
720 3475 791 3536 mibi
813 3477 1025 3553 processisset,
1048 3473 1143 3550 Aprili
1174 3491 1273 3534 meuse
1302 3473 1377 3533 insa-

257 3579 376 3654 quentis
398 3579 509 3640 annia
537 3580 590 3639 Fr.
612 3578 912 3649 Steinbansenio,
941 3583 1012 3638 rect
1034 3576 1092 3653 ut,
1120 3575 1157 3635 ad
1188 3575 1375 3654 gymnasium

256 3679 570 3757 Grypbisvvaldensem
593 3686 720 3740 vocatus
741 3698 820 3750 sum,
851 3679 900 3739 ubi
923 3697 1004 3739 nuuc
1027 3696 1151 3737 munere
1173 3679 1376 3754 praeceptoris

256 3780 400 3841 ordinarii
421 3781 540 3860 fungor.

341 3886 444 3945 Restat
466 3888 500 3943 nt
522 3883 661 3943 omuibus
683 3881 827 3944 illiuviris
843 3879 1018 3956 clarissimis,
1040 3881 1234 3978 inprimisque
1255 3880 1375 3942 Keilio

254 3990 285 4046 et
306 3986 478 4062 Zaabero,
501 3986 553 4062 qni
576 3984 728 4060 doctriua,
751 4000 851 4060 opera,
873 3981 996 4042 consilio
1019 3984 1129 4061 optime
1151 3983 1189 4044 de
1212 4001 1258 4042 me
1281 3983 1386 4043 meriti·
1508 3975 1509 3982 '

254 4093 332 4164 sunt,
355 4086 467 4163 gratias
490 4103 576 4162 agam
600 4102 689 4161 quam
712 4084 862 4145 maximas.
