3052 5036
1216 439 1253 497 15

133 611 282 672 Strabone
292 608 316 684 ¹)
331 614 361 671 et
376 611 529 688 Stephano
545 611 690 687 Byzantio
700 607 724 682 ²)
739 610 923 670 auetoribus.
967 610 1098 670 Aoiraieo
1108 607 1132 684 ³)
1155 615 1253 670 autem

132 719 210 775 teste
232 713 401 790 nDiogene
419 713 589 790 appellatur
609 702 651 770 τὸ
673 695 844 770 ἀνέκαθεν
862 709 990 787 Φοῖνιξ,
1013 713 1149 772 nimirum
1172 715 1254 791 quod

133 813 262 876 maiores
283 815 347 876 eius
369 816 399 876 iu
422 816 585 876 Phoenicia
607 814 735 875 fueraut.
787 813 976 892 Quamquam
999 815 1160 892 Menippus
1189 817 1253 892 ipse

133 934 256 995 quoque
277 935 315 978 ex
330 917 493 978 Phoenicis
514 917 660 978 oriundus
682 921 843 995 propterea
866 917 922 977 diei
938 922 1045 994 potest,
1068 917 1149 994 quod
1166 917 1255 979 Coele

134 1019 222 1097 Syria
244 1019 295 1080 ubi
318 1019 438 1080 Gadara
461 1025 547 1081 eraut
568 1021 625 1080 sita
647 1020 777 1096 antiquis
803 1019 987 1096 temporibus
1010 1021 1097 1080 modo
1120 1040 1138 1081 u
1160 1021 1254 1080 Phoe-

133 1123 214 1182 nieia
260 1121 452 1200 distinguitur
492 1120 579 1184 modo
616 1122 696 1182 iltius
732 1139 802 1198 pars
839 1121 974 1183 habetur.
1032 1120 1119 1196 Quod
1156 1128 1256 1183 autem

135 1225 330 1302 Sinopensem
363 1225 490 1286 eundem
521 1224 614 1286 fuisse
636 1225 789 1300 Diogenes
821 1224 878 1284 alio
905 1221 1005 1296 roeou
1029 1225 1165 1284 uteie-
1188 1245 1255 1284 nam

135 1326 174 1387 ad
205 1327 317 1388 nullum
348 1329 404 1388 nisi
435 1327 473 1388 ad
504 1331 638 1388 nosuum
668 1328 841 1405 Menippum
872 1326 945 1386 iliud
976 1328 1127 1404 pertinere
1158 1345 1255 1390 rerum

135 1429 357 1508 verborumque
380 1433 538 1491 eoutextus
561 1428 649 1491 deest
670 1457 720 1502 ···‚
751 1430 926 1490 servitutem
954 1428 1025 1488 mihi
1052 1429 1172 1490 videtur
1194 1436 1256 1490 tan-

137 1549 225 1608 gere,
251 1531 281 1592 iu
304 1551 364 1610 qus
386 1532 558 1610 Menippum
581 1533 673 1592 fuisse
696 1531 845 1592 Achaious
868 1537 898 1591 et
920 1530 1074 1604 Dioelesi)
1098 1534 1257 1592 memoriae

136 1633 351 1712 prodiderunt3
381 1634 519 1695 dominus
545 1639 644 1696 autem
672 1634 735 1694 eius
758 1634 901 1693 Pontieus
924 1637 989 1693 erat
1011 1635 1147 1711 Batoque
1170 1653 1256 1694 voea·

136 1736 234 1795 betur.
278 1736 378 1813 Atque
401 1736 439 1796 de
469 1737 615 1797 industria
643 1736 781 1796 nimirum
805 1734 1017 1813 Sinopensem,
1046 1736 1065 1795 i.
1082 1755 1105 1796 e.
1129 1755 1259 1810 servum,

137 1855 206 1898 eum
229 1838 391 1916 appellavit
412 1839 577 1917 Diogenes,
599 1839 651 1915 qui
674 1838 755 1915 quod
777 1838 826 1898 ille
849 1837 1048 1898 acerbissimis
1070 1839 1257 1898 contumeliis

138 1941 168 1999 in
191 1939 436 2018 pbilosophorum
467 1941 652 2019 potissimum
684 1957 780 2000 mores
810 1945 901 2016 atque
932 1941 1004 1999 vitia
1033 1941 1171 2000 iuveetus
1193 1942 1260 2000 erat

139 2059 320 2119 quoeunque
352 2044 469 2103 ratione
502 2041 540 2102 de
573 2043 668 2119 gloria
701 2047 731 2102 et
764 2043 941 2104 auctoritate
975 2043 1039 2102 eius
1073 2042 1260 2102 detrahebat.

137 2144 245 2221 Itaque
276 2144 358 2204 nulla
387 2144 423 2205 de
455 2163 491 2205 eo
519 2145 689 2206 testimonis
719 2145 773 2205 uisi
801 2143 904 2222 iniqua
930 2145 960 2204 in
984 2145 1112 2205 medium
1135 2145 1259 2222 profert.

139 2246 225 2308 Lieet
257 2265 293 2307 ea
324 2265 396 2307 vera
429 2247 489 2308 sint
520 2245 632 2324 (neque
662 2248 754 2324 enim,
787 2251 821 2307 ut
853 2248 909 2306 iam
933 2265 1026 2324 supra
1049 2248 1259 2320 demonstravi,

140 2348 283 2409 habemus
311 2367 367 2409 eur
395 2347 483 2409 tidem
512 2349 692 2426 abrogemus
715 2349 847 2409 Aelraieo
878 2349 1063 2426 potissimum
1096 2355 1126 2410 et
1155 2348 1261 2426 Dioni,

141 2451 250 2527 quibus
278 2455 399 2529 praeter
420 2451 617 2529 Hermippum
649 2451 774 2512 testibus
805 2452 900 2511 utitur
922 2449 1099 2529 Diogenes),
1130 2458 1260 2513 attamen

140 2552 249 2614 multas
279 2571 330 2612 res
360 2552 448 2613 laude
480 2553 587 2631 dignas
618 2554 730 2614 eelasse
762 2558 854 2631 atque
884 2553 915 2612 id
947 2554 1130 2630 potissimum
1163 2556 1260 2632 egisse

140 2654 281 2716 videntur
309 2660 341 2718 ut
368 2655 530 2734 Menippus
558 2655 700 2715 evaderet
728 2655 817 2715 homo
848 2673 992 2732 nequam,
1026 2660 1093 2734 aut,
1126 2656 1155 2717 id
1179 2657 1260 2734 quod

140 2757 385 2818 verisimillimum
408 2761 469 2836 est,
491 2757 642 2835 Diogenes
665 2777 702 2818 ex
724 2756 761 2816 iis
784 2775 862 2835 quae
885 2757 929 2816 iiii
953 2759 1134 2818 rettulerunt
1156 2759 1261 2836 iniqua

141 2859 230 2920 modo
259 2860 368 2938 quibus
397 2860 548 2937 aptissime
576 2861 642 2920 iaus
663 2859 743 2920 iliius
765 2861 991 2921 imminueretur
1012 2862 1170 2920 memoriae
1193 2881 1262 2938 pro-

142 2961 226 3038 didit,
248 2980 345 3040 aequa
365 2961 415 3021 vei
437 2960 530 3039 digna
552 2979 631 3040 quae
648 2962 687 3022 ed
702 2963 836 3040 Menippi
853 2963 1061 3023 auctoritatem
1076 2963 1262 3040 probandam

141 3064 327 3141 pertinerent
362 3083 422 3126 nou
459 3063 599 3143 prodidit.
655 3066 760 3126 Fuisse
796 3068 896 3125 autem
930 3066 1103 3143 Menippum
1140 3085 1259 3126 servum

142 3171 263 3244 praeter
285 3166 450 3226 Aebaieum
472 3171 503 3225 et
526 3167 658 3227 Dioeiem
682 3163 830 3242 uoluunt)
853 3185 981 3244 eumque
1004 3173 1125 3228 secutus
1149 3170 1263 3227 Maero-

142 3268 209 3328 bins
219 3266 244 3340 1)
266 3273 434 3346 testantur,
465 3272 556 3345 etque
587 3268 667 3328 haud
697 3269 759 3328 soio
789 3287 827 3328 au
849 3269 996 3346 Sinopen,
1029 3287 1108 3346 quse
1140 3271 1210 3331 urbs
1233 3272 1262 3330 in

142 3371 231 3430 Ponti
260 3389 314 3430 ora
343 3375 407 3432 erat
437 3372 495 3431 sits
524 3377 554 3431 et
584 3389 603 3430 a
629 3369 801 3432 Mithridate
824 3371 935 3448 Magno
964 3376 1056 3449 eaput
1087 3371 1167 3432 iaetu
1199 3377 1264 3432 erut

143 3473 228 3549 regni
250 3473 383 3549 Poutiei,
414 3490 490 3551 puer
518 3471 567 3532 iiie
597 3474 714 3533 venerit
744 3477 834 3551 atque
863 3474 893 3532 iu
922 3474 1067 3533 servitute
1096 3473 1202 3552 fuerit,
1234 3475 1264 3534 id

232 3655 253 3720 ¹)
272 3657 312 3720 16,
329 3652 359 3708 0.
373 3656 430 3708 759.

229 3738 252 3803 ²)
269 3753 296 3808 p,
307 3741 354 3790 199
373 3751 432 3792 av.
446 3731 572 3808 Γάδαρα.

229 3823 253 3888 ³)
269 3822 345 3892 apud
361 3821 444 3890 Diog.
462 3823 555 3877 Laert.
574 3827 598 3892 6,
614 3826 654 3876 99.

230 3909 253 3974 ⁴)
272 3910 297 3976 e,
314 3911 356 3962 ss.

231 3993 569 4062 bmffiwhbw
659 3989 661 3996 ⁴

230 4082 255 4147 ⁶)
271 4079 305 4134 N.
323 4073 361 4133 A.
378 4077 418 4146 11,
439 4082 483 4147 ts,
500 4081 564 4133 tet
581 4083 610 4132 τι
634 4076 692 4134 Alii
719 4093 830 4147 quoque
852 4093 909 4132 uon
934 4079 1018 4148 pauci
1045 4081 1119 4135 servi
1145 4077 1267 4147 suerunt,

145 4165 195 4236 qui
217 4169 282 4234 post
299 4162 458 4233 philosophi
488 4163 554 4218 olari
578 4163 752 4218 exstiterunt
792 4165 834 4218 Ex
852 4163 955 4232 quibus
973 4163 1019 4218 iile
1037 4163 1186 4234 Menippus
1203 4163 1267 4232 fuit,

145 4250 228 4304 euius
245 4249 329 4304 libros
347 4248 383 4302 M.
400 4247 491 4304 Varro
508 4249 539 4302 in
556 4247 650 4304 satiris
667 4248 822 4304 aemulatus
840 4253 892 4317 est,
909 4263 980 4317 quas
997 4249 1044 4304 aiii
1056 4247 1187 4320 Cynicas,
1205 4248 1267 4316 ipse

144 4335 269 4406 appellat
285 4333 457 4404 Menippeas.

231 4423 254 4488 1)
271 4417 327 4474 Sat.
350 4425 371 4489 t,
388 4423 426 4487 11,
444 4421 485 4474 tt.
