3052 5036
283 412 324 473 20

282 584 313 645 id
346 585 427 664 quod
458 585 666 662 gravissimum
694 588 751 656 est,
784 583 957 662 Menippum
990 602 1008 643 a
1038 583 1172 645 Lucieno
1206 583 1309 644 induci
1343 585 1403 643 iam

282 706 375 765 supra
398 687 509 747 dictum
532 692 588 747 est.
631 687 759 747 Habitus
782 686 846 748 eius
869 687 899 746 in
923 687 1183 764 Mort.Dial.1‚2
1205 685 1403 747 itadescribi·

281 793 344 849 tur:
372 781 490 866 γέρων,
520 777 702 866 φαλακρός,
732 777 913 866 τριβώνιον
936 778 1023 865 ἔχων
1041 777 1251 866 πολύθυρον,
1275 772 1402 846 ἅπαντι

283 876 394 970 ἀνέμῳ
430 877 710 968 ἀναπεπταμένον
743 885 799 949 καὶ
832 897 904 961 ταῖς
937 883 1133 970 ἐπιπτυχαῖς
1170 885 1242 950 τῶν
1274 881 1402 970 ῥακίων

281 987 457 1064 ποικίλον;
487 1012 589 1071 peram
617 993 676 1054 fert
704 993 904 1071 baculumque
916 992 938 1066 ¹)
968 993 1176 1056 Anthistheuis
1203 998 1233 1055 et
1256 993 1404 1070 Diogenis

282 1097 376 1155 instar
398 1098 428 1154 et
449 1115 468 1155 a
484 1094 657 1172 Ganymede
674 1095 760 1156 valde
777 1095 875 1156 distat
885 1092 910 1168 ²)
954 1097 994 1156 Ut
1011 1097 1161 1174 Diogenes
1177 1114 1265 1173 quem
1281 1099 1404 1172 praeter

282 1202 399 1258 ceteros
421 1197 596 1258 imitandum
620 1198 674 1258 sibi
698 1194 890 1275 proposuiti)
913 1199 955 1259 ita
976 1199 1040 1276 ipse
1063 1216 1118 1259 sua
1139 1202 1219 1259 sorte
1242 1201 1404 1258 contentus

281 1301 369 1377 vivit,
405 1285 545 1378 ἀγαπῶν
573 1306 645 1371 τοῖς
676 1297 822 1378 παροῦσι
852 1294 909 1359 καὶ
939 1295 1044 1381 μηδὲν
1077 1286 1191 1360 αὐτῶν
1224 1286 1404 1380 ἀφόρητον

282 1387 444 1480 οἰόμενος.
456 1400 481 1475 ⁴)
526 1404 566 1463 Ut
597 1402 749 1480 Diogenes
779 1405 810 1462 et
839 1402 958 1478 (iratas,
988 1405 1029 1464 ita
1060 1405 1124 1480 ipse
1156 1402 1194 1463 ab
1221 1401 1404 1464 Antisthene

282 1504 449 1564 hereditate
493 1505 580 1582 quasi
623 1506 740 1582 accepit
781 1499 918 1580 σοφίαν,
963 1490 1180 1584 αὐτάρκειαν,
1227 1488 1404 1582 ἀλήθειαν,

280 1600 484 1685 παρρησίαν,
521 1599 726 1685 ἐλευθερίαν.
737 1605 761 1679 ⁵)
820 1607 972 1668 Summum
1011 1607 1154 1684 sapientis
1191 1607 1301 1667 bonum
1337 1595 1404 1682 τὴν

191 1739 195 1748 =
281 1693 452 1768 ἀπάθειαν
474 1707 613 1786 ducebat,
643 1709 685 1769 ita
708 1713 741 1769 ut
763 1710 805 1768 nii
828 1716 962 1788 cuperet,
983 1710 1025 1770 nil
1049 1712 1202 1780 metueret
1225 1708 1404 1784 modiceque

281 1815 312 1870 et
344 1812 443 1887 quiete
478 1810 614 1871 omuibus
647 1811 677 1872 iu
710 1812 801 1872 rebus
836 1811 1049 1888 conquirendis
1083 1816 1114 1871 et
1145 1810 1303 1872 servandis
1335 1826 1403 1868 sese

280 1915 408 1987 gereret.
463 1911 559 1986 Quam
599 1911 718 1990 quidem
758 1914 935 1973 sententiam
966 1931 1033 1973 cum
1065 1932 1083 1972 a
1113 1913 1232 1974 Tiresia
1264 1921 1298 1971 nt
1336 1911 1402 1988 ipse

282 2011 417 2087 narr-eti)
443 2015 610 2093 accepisset
631 2019 721 2092 atque
744 2016 945 2094 probavisset,
976 2016 1058 2076 uultu
1090 2033 1121 2076 re
1152 2013 1290 2090 indigens
1312 2013 1403 2089 (iyni-

282 2133 383 2176 corum
411 2117 555 2176 rationem
579 2121 698 2177 secutus
721 2118 844 2193 eosqui
867 2117 955 2176 aliter
977 2121 1006 2177 et
1028 2117 1200 2178 iudicabant
1214 2119 1243 2176 st
1258 2115 1403 2176 vivebant

281 2218 404 2279 hilarem
428 2219 606 2295 plerumque
629 2222 659 2278 st
680 2219 812 2278 iocosum
835 2219 865 2277 in
881 2217 1001 2278 modum
1017 2218 1203 2280 traducebat
1246 2218 1347 2294 Atque
1368 2217 1400 2276 in

280 2320 338 2379 hoc
369 2318 547 2380 traducendi
579 2324 633 2380 ant
655 2320 816 2382 cavitlandi
850 2319 948 2380 studio
981 2321 1255 2398 praestantissimus
1287 2319 1402 2380 exstitit
1517 2329 1518 2334 ’

281 2422 447 2499 Menippus.
491 2422 566 2482 Inde
593 2415 891 2499 oaovd'oyc‘iorovi)
921 2422 995 2483 illud
1025 2441 1121 2500 genus
1153 2420 1272 2482 dicendi
1296 2424 1399 2482 uatum

281 2528 408 2602 estque
431 2527 552 2602 praeter
574 2529 690 2584 ceteros
713 2523 849 2584 floruisse
872 2524 989 2584 dieitur.
1033 2526 1185 2585 Reiciebat
1207 2525 1344 2585 nimirum
1367 2527 1400 2584 ut

280 2625 476 2703 philosophus
498 2644 569 2685 vere
589 2625 719 2703 Cynicus
742 2626 926 2686 dialecticam
948 2633 1039 2705 atque
1062 2627 1307 2705 philosophorum
1331 2625 1399 2686 sub·
1516 2695 1517 2700 .

278 2728 436 2789 tilitatibus
466 2729 561 2805 magis
582 2727 723 2789 idoneum
745 2729 872 2807 putabat
894 2731 991 2790 iocum
1014 2735 1106 2807 atque
1129 2731 1236 2805 risum,
1265 2747 1325 2806 quo
1349 2747 1398 2789 ex-

279 2830 368 2891 citato
398 2832 540 2908 aequales
570 2829 609 2890 ad
640 2821 754 2892 morum
784 2832 1001 2908 simplieitatem
1023 2836 1054 2893 et
1076 2833 1165 2892 vitam
1189 2850 1259 2892 vere
1281 2831 1397 2891 beatam

279 2932 499 3009 redigerentur.
542 2934 648 3010 Itaque
680 2934 708 2994 in
739 2934 933 3013 philosophos
963 2935 1150 3013 potissimum
1180 2938 1211 2995 et
1240 2933 1342 2993 verbis
1369 2936 1399 2992 et

277 3034 399 3112 seriptis
421 3031 621 3096 acerbissimis
645 3036 850 3098 invehebatur.
894 3038 1029 3112 Apparet
1045 3036 1117 3096 illud
1135 3036 1254 3112 quidem
1270 3036 1397 3112 primum

278 3155 315 3196 ex
339 3136 481 3197 librorum
513 3137 662 3198 indicibus
692 3139 741 3215 qui
764 3157 783 3197 a
805 3139 1102 3215 Diogene·Laertio,
1131 3137 1303 3209 Athenaeo,
1331 3138 1397 3197 aliis

278 3239 379 3300 traditi
401 3243 480 3301 sunt
521 3239 688 3317 Scripserat
714 3241 791 3299 enim
819 3242 978 3318 Menippus
1008 3229 1099 3319 Πρὸς
1120 3230 1200 3309 τοὺς
1230 3228 1397 3314 φυσικοὺς

277 3335 334 3399 καὶ
354 3331 603 3420 γραμματικοὺς
617 3335 673 3400 καὶ
695 3332 798 3419 γονὰς
812 3327 1020 3418 Ἑπικούρου,
1036 3326 1246 3419 Συμπόσιον,
1259 3325 1396 3420 Ἀρκεσί-

276 3440 370 3515 λαον,
392 3433 577 3521 Διαθήκας,
600 3431 758 3514 Νεκύιαν,
780 3443 847 3502 alia.
891 3443 1033 3503 Videmus
1057 3443 1148 3520 igitur
1169 3444 1296 3504 illusisse
1320 3461 1395 3513 eum,

276 3544 306 3604 id
340 3545 422 3621 quod
455 3563 548 3622 supra
580 3544 762 3622 Cynicorum
795 3545 949 3621 proprium
983 3562 1048 3605 esse
1085 3544 1225 3616 dimmus,
1262 3544 1396 3622 physicis
1514 3556 1515 3612 i

277 3647 554 3722 mathematicisque
577 3652 607 3705 et
629 3646 829 3721 grammaticis
851 3648 916 3708 sive
939 3646 1103 3708 dialecticis
1118 3666 1177 3708 non
1193 3647 1291 3707 miuus
1307 3665 1395 3724 quam

364 3882 385 3946 ¹)
403 3878 482 3932 hiort.
501 3878 571 3931 Diei.
593 3882 632 3946 10,
645 3883 668 3931 2.

361 3967 383 4028 ²)
402 3966 469 4017 Lae.
487 3963 601 4018 Icarom.
626 3966 649 4017 2.

361 4051 384 4115 ³)
401 4051 468 4104 Luc.
487 4048 623 4117 Nokyom.
645 4053 682 4103 18.

361 4137 385 4199 ⁴)
402 4134 482 4188 biert.
500 4133 572 4188 Diai.
590 4136 631 4202 26,
644 4138 668 4188 2.

361 4221 385 4286 ι)
400 4219 438 4274 ih.
458 4224 497 4288 rr,
510 4224 533 4274 3.
570 4213 572 4218 '

360 4307 383 4371 ⁰)
400 4303 535 4375 Nekyom.
556 4306 596 4357 21.

360 4393 383 4458 ⁷)
401 4387 436 4445 ci.
454 4387 550 4461 Steph.
568 4389 636 4459 Byr.
654 4403 707 4445 sv
726 4385 844 4460 Γάδαρα
862 4395 891 4444 et
908 4389 1009 4446 Strabo
1029 4395 1068 4460 16,
1091 4391 1113 4447 O
1133 4397 1190 4447 759.
