3052 5036
261 425 302 488 26

262 620 338 678 opus
371 601 497 662 divisum
526 602 617 665 fuisse
647 603 841 684 crediderim,
876 623 1002 683 quarum
1037 606 1134 682 prima
1165 606 1323 684 Menippus
1353 607 1382 666 in

261 705 383 764 Jonicos
406 709 497 783 atque
521 706 671 768 llloaticos
693 707 843 785 physicos,
865 707 970 786 quales
1000 712 1072 768 tunc
1100 712 1200 786 erant,
1229 708 1384 787 principiis

261 826 359 867 rerum
399 809 615 886 investigandis
653 811 770 871 deditos
810 811 918 872 acerbe
946 809 1085 871 invectus
1121 811 1242 873 minutis
1271 830 1323 872 eos
1352 815 1383 872 et

261 911 371 989 ineptis
395 912 623 989 quaestionibus
654 932 773 992 operam
797 932 911 974 navare
934 913 1164 974 demonstrabat.
1208 913 1383 991 Insequenti

261 1016 347 1089 parte
370 1032 421 1074 eoa
443 1014 619 1092 increpabat
640 1016 692 1093 qul
716 1015 789 1076 nibil
812 1017 965 1092 antiquius
986 1014 1138 1078 habebant
1159 1034 1248 1093 quarn
1279 1021 1312 1076 ut
1333 1015 1383 1076 via

261 1134 296 1174 ac
319 1117 435 1176 rationo
458 1119 687 1179 matlrcmaticen
710 1122 740 1180 et
762 1119 953 1195 astrologiam
973 1123 1236 1196 persequerentur.
1278 1118 1383 1179 Tertia

261 1236 332 1294 pars
356 1218 523 1295 pertinebat
545 1221 583 1281 ad
604 1222 813 1298 grammaticos
835 1223 887 1300 qui
908 1222 937 1282 in
952 1225 1086 1301 veterum
1102 1221 1282 1299 scriptorum
1297 1221 1383 1281 libris

262 1321 447 1398 explicandis
484 1325 624 1402 occupati
659 1325 871 1386 minutissimas
904 1342 953 1386 ros
983 1323 1163 1386 tractabant:
1196 1324 1316 1384 omuino
1347 1327 1383 1384 ut

261 1422 391 1500 Cynicus
421 1443 510 1486 verus
540 1431 570 1487 et
601 1427 736 1488 sincerus
764 1427 973 1488 Antisthenen
987 1424 1009 1500 ¹)
1036 1432 1157 1489 secutus
1182 1427 1297 1488 litteras
1320 1444 1381 1486 non

260 1524 420 1587 discendas
442 1527 518 1589 dixit
541 1531 570 1590 ot
586 1515 767 1607 ἐγκύκλιον
780 1523 937 1590 παιδείαν
952 1531 1110 1591 cavillatus
1126 1548 1190 1589 eam
1206 1529 1244 1590 ob
1259 1547 1382 1590 causam

260 1627 434 1707 despexisse
455 1629 592 1704 videtur,
615 1632 696 1710 quod
719 1617 793 1692 κατ’
817 1618 937 1712 ἀρετὴν
960 1628 1022 1712 ζῆν
1044 1633 1178 1694 hominos
1200 1633 1383 1709 prohiberet.

262 1731 428 1792 Verisimile
461 1739 508 1794 est
538 1735 666 1796 eundem
703 1736 878 1814 Menippum
909 1753 975 1798 curn
1006 1737 1133 1814 physica
1164 1739 1255 1813 atque
1284 1754 1382 1812 gram-

259 1834 367 1894 matica
396 1834 512 1896 luderet
543 1838 628 1896 etiam
660 1839 690 1897 in
719 1838 879 1899 dialectica
901 1839 1068 1900 insultasse.
1111 1838 1228 1913 Quarta
1250 1837 1383 1914 denique

258 1954 329 2012 pars
367 1937 406 1998 ad
437 1940 603 2015 Epicureos
642 1940 704 2001 sive
734 1940 773 2007 ad
797 1942 920 2017 Epicuri
949 1940 1112 2019 discipulos
1140 1939 1301 2002 referenda
1327 1945 1383 2000 est.

259 2040 334 2098 Nam
359 2030 460 2118 γονὰς
484 2041 532 2102 hic
554 2043 627 2104 nibil
649 2061 714 2104 esse
737 2045 794 2105 nisi
816 2045 927 2106 liberos
949 2045 997 2105 vel
1017 2044 1119 2120 proles
1140 2047 1267 2121 apparet
1281 2061 1382 2121 neque

258 2141 347 2202 video
370 2162 459 2220 quam
483 2145 521 2206 ob
544 2164 605 2206 rem
630 2150 659 2206 et
673 2143 887 2221 Franciscus²i
910 2152 940 2207 et
960 2146 1138 2206 Theodorus
1147 2143 1171 2219 3)
1195 2145 1382 2207 Fritnsebius

258 2244 445 2306 artificiosam
489 2246 638 2324 quandam
684 2250 961 2325 interpretationem
1000 2249 1141 2327 optimam
1183 2248 1223 2308 ibi
1263 2252 1292 2308 et
1328 2267 1381 2324 ap·

259 2347 400 2408 tissimum
440 2369 504 2411 esse
534 2356 693 2428 censeant,
731 2371 797 2412 cum
828 2353 957 2414 allusum
988 2369 1053 2412 esse
1083 2352 1185 2411 dicant
1214 2349 1253 2410 ad
1282 2350 1381 2426 elogia

260 2439 336 2519 Διὸς
362 2445 460 2528 γοναὶ
490 2453 536 2512 vel
568 2440 708 2532 Ἀθηνᾶς
739 2448 845 2532 γοναί.
898 2454 1025 2516 Liberos
1052 2457 1153 2514 autem
1180 2454 1307 2514 alieuius
1331 2453 1381 2512 vel

260 2539 361 2629 γονὰς
384 2555 553 2632 appellatos
577 2573 642 2618 osse
666 2555 827 2633 discipulos
849 2556 912 2616 eius
934 2558 984 2616 vel
998 2545 1151 2634 μαθητὰς
1167 2556 1266 2615 multis
1282 2573 1380 2616 exem-

259 2655 316 2731 plis
338 2655 496 2731 probatur:
519 2657 544 2720 is
567 2664 666 2720 auteur
689 2659 741 2735 qui
764 2678 870 2719 novam
895 2658 1126 2736 philosophandi
1149 2657 1294 2717 rationem
1310 2675 1381 2716 cou-

258 2757 397 2818 stituerat
418 2777 510 2836 saepe
533 2765 566 2820 ut
588 2761 685 2822 bonor
707 2761 891 2822 tribueretur
913 2760 1071 2837 pietasque
1093 2763 1296 2836 praestaretur
1311 2777 1380 2818 eon-

258 2859 349 2920 ditori
370 2862 409 2922 ub
431 2862 466 2922 iis
489 2862 539 2940 qui
563 2864 749 2940 disciplinam
772 2865 836 2924 eius
857 2863 1075 2942 profitebantur
1090 2867 1175 2939 pater
1190 2863 1253 2922 sive
1268 2846 1379 2940 πατὴρ

258 2963 475 3026 nominabatur.
519 2967 619 3044 Atque
649 2967 798 3044 llpicurus
829 2969 893 3045 ipse
915 2986 933 3025 a
955 2966 1095 3026 Lucretio
1104 2963 1131 3038 ⁴)
1154 2968 1241 3041 pater
1263 2965 1380 3024 dicitur.
1445 2952 1452 2961 ’

258 3054 399 3136 uixdum
421 3071 520 3129 autem
551 3069 625 3146 quid
647 3068 816 3145 significent
843 3088 881 3130 ex
902 3068 1026 3144 Epicuri
1054 3068 1105 3127 illo
1128 3071 1305 3128 testamento
1327 3086 1380 3145 ap-

257 3175 345 3243 paret
375 3169 455 3247 quod
488 3172 641 3248 Diogenes
663 3172 803 3232 Laertius
826 3176 908 3244 10‚e
932 3171 1033 3231 affert:
1060 3169 1100 3232 ibi
1122 3171 1273 3248 Epicurus
1295 3170 1379 3231 disci·

257 3271 344 3347 pulos
366 3271 449 3333 iubet
471 3274 526 3335 sibi
544 3267 589 3345 εἰς
605 3260 667 3353 τὴν
684 3267 877 3354 εἰθισμένην
894 3259 1034 3351 ἄγεσθαι
1049 3265 1228 3350 γενέθλιον
1242 3260 1379 3351 ἡμέραν,

259 3358 402 3434 ἑκάστου
425 3367 521 3448 ἔτους
544 3373 584 3453 τῇ
605 3371 755 3456 προτέρᾳ
777 3366 919 3451 δεκάστη
939 3370 1001 3433 τοῦ
1017 3369 1248 3454 Γαμηλιῶνος·
1273 3363 1379 3434 ἔτιδὲ

259 3469 305 3546 εἰς
326 3462 390 3555 τὴν
412 3472 595 3557 γενομένην
624 3467 770 3536 σύνοδον
797 3465 940 3535 ἑκάστου
961 3462 1064 3555 μηνὸς
1087 3483 1158 3548 ταῖς
1180 3461 1287 3535 εἰκάσι
1309 3473 1380 3535 τῶν

258 3570 608 3657 συμφιλοσοφούντων
623 3564 714 3658 αὐτῷ
731 3573 777 3649 εἰς
798 3567 862 3657 τὴν
885 3569 1008 3637 ἑαυτοῦ
1023 3596 1059 3637 τε
1080 3572 1136 3638 καὶ
1150 3568 1379 3658 Μετροδώροο

257 3671 389 3762 μνήμην
411 3676 715 3761 κατατεταγμένην.
760 3683 865 3759 Itaque
881 3681 1022 3760 Epicurei
1042 3682 1121 3742 laeto
1144 3683 1287 3762 lentoque
1311 3701 1379 3742 eou-

257 3786 337 3845 vivio
359 3775 420 3856 τὰς
442 3770 576 3854 εἰκάδας
599 3785 834 3862 uniuscuiusque
858 3783 969 3844 mensis
991 3784 1196 3862 celebrabant,
1224 3803 1319 3862 quare
1341 3785 1380 3844 ab

259 3887 415 3949 Athenaeo
425 3886 450 3960 5)
490 3879 674 3946 εἰκαδισταὶ
707 3887 849 3966 appellati
881 3890 958 3948 sunt
1011 3888 1117 3966 Itaque
1147 3888 1214 3950 illos
1246 3876 1379 3959 εἰκάδας

345 4072 364 4133 1)
383 4065 419 4123 cf.
437 4067 519 4137 Diog.
537 4071 629 4123 Laert.
648 4072 745 4136 6,103.

342 4158 365 4219 ²)
382 4154 418 4209 do
436 4153 531 4224 serIpt.
549 4159 601 4210 sat
621 4157 700 4223 spec:
714 4159 738 4222 4,
756 4170 783 4224 p.
794 4159 817 4210 8.

343 4243 365 4302 ³)
383 4239 497 4308 lleuipp
515 4239 574 4297 und
590 4239 680 4294 Horae
697 4256 725 4310 p.
743 4243 783 4295 12.

342 4329 364 4390 ⁴)
383 4325 419 4381 de
437 4340 488 4381 rer.
507 4331 563 4381 nst.
581 4330 609 4394 3,
622 4329 648 4382 9.

343 4414 365 4480 ⁸)
383 4417 408 4478 7,
422 4413 479 4466 298.
515 4409 550 4467 cf.
566 4411 636 4467 Plin.
654 4415 696 4480 35,
709 4415 733 4465 2.
