3052 5036
1222 458 1263 518 25

145 637 369 698 oonieoerimus.
421 636 527 712 ltaque
557 639 639 696 reete
670 636 755 695 nobie
787 635 921 695 videmur
950 635 1089 696 statuisse
1115 633 1171 692 hae
1199 633 1264 710 ipsa

145 739 310 800 inferorum
333 737 533 816 descriptione
549 757 614 798 eum
631 738 824 817 philosophos
839 741 901 798 lum
921 737 1033 799 inferos
1049 736 1265 797 contumeliose

143 841 249 902 irrisos
271 859 344 901 esse.

232 939 414 1022 Διαθηκοῦν
437 948 534 1004 autem
558 943 648 1015 libro,
671 962 759 1021 quem
783 945 879 1004 Varro
902 942 983 1003 haud
1006 941 1095 1003 dubie
1118 959 1153 1002 ea
1175 941 1267 1000 satira

144 1041 235 1123 quam
265 1046 489 1107 Testamentum
519 1046 692 1123 inscriptam
721 1046 811 1107 fuisse
838 1046 953 1106 Gellius
965 1043 987 1118 ¹)
1014 1044 1172 1105 memoriae
1199 1061 1266 1120 pro·

146 1149 221 1210 didit
249 1149 379 1210 imitatus
410 1154 456 1210 est
485 1149 560 1210 mira
595 1149 648 1210 illa
682 1149 928 1226 philosophorum
964 1147 1149 1210 eonsuetudo
1185 1145 1265 1222 quod

145 1256 325 1313 testamenta
347 1252 476 1313 condere
499 1252 634 1312 solebant
649 1252 746 1312 fauete
760 1252 898 1312 tradueta
914 1255 968 1312 est.
1012 1249 1266 1313 Consuetudinem

145 1355 224 1414 enim
246 1356 327 1415 illam
351 1354 471 1432 diguam
494 1354 587 1414 luisse
609 1373 689 1431 quae
718 1354 748 1414 in
777 1356 869 1414 risum
892 1356 1061 1414 verteretur
1084 1355 1201 1412 veteres
1224 1355 1266 1410 te·

146 1460 271 1518 stantur.
316 1458 467 1536 Diogenes
482 1456 603 1534 quidem
619 1457 767 1534 Laertius,
783 1457 962 1534 Athenaeus,
978 1455 1091 1531 (litero,
1106 1454 1268 1529 Lueianus,

146 1560 361 1637 Philostratus,
390 1560 516 1619 Plrotlue
547 1559 633 1620 nobis
661 1537 861 1635 tradiderunt,
891 1576 980 1636 quam
1008 1557 1136 1618 ridiouls
1157 1555 1268 1615 fuerint

147 1664 324 1724 testamenta
350 1662 520 1723 Aristotelis
528 1659 570 1737 ²),
601 1660 733 1739 Lyconis
759 1657 992 1739 Troadensisi),
1022 1659 1225 1736 Theophrasti
1234 1654 1268 1729 ⁴),

147 1763 312 1842 npteurill,
332 1764 491 1842 Peregrini
512 1765 614 1826 Protei
623 1762 656 1839 ⁶),
679 1765 826 1842 Lampetii
847 1763 990 1825 haeretiei
998 1760 1031 1836 7).

232 1867 335 1928 Tertio
366 1870 432 1930 loeo
462 1888 480 1928 a
510 1869 648 1948 Diogene
679 1852 870 1928 Ἐπιστολαὶ
901 1859 1168 1946 κεκομψευμέναι
1200 1847 1268 1922 ἀπὸ

147 1966 209 2030 τοῦ
232 1967 303 2029 τῶν
325 1967 418 2030 θεῶν
440 1955 628 2050 προσώπου
650 1972 825 2030 afferuntur.
869 1970 953 2044 Quae
977 1969 1096 2046 quidem
1117 1967 1269 2044 Epistulae

147 2093 186 2133 ox
224 2073 347 2134 deorum
376 2072 514 2151 personis
551 2073 624 2133 seito
654 2073 836 2149 compositae
870 2076 990 2149 praeter
1027 2076 1142 2131 eeteros
1173 2069 1268 2129 libros

148 2175 282 2253 Menippi
316 2175 523 2236 memorabiles
553 2173 709 2253 videntur,
743 2175 870 2252 primum
901 2173 983 2251 quod
1012 2173 1043 2232 iu
1075 2171 1267 2249 epistolarum

147 2278 259 2338 formas
282 2278 439 2352 redactae,
460 2281 523 2337 tum
546 2276 628 2355 quod
651 2277 690 2338 ibi
713 2295 773 2336 non
796 2276 1043 2352 pbilosophorum
1066 2274 1192 2351 planitas,
1215 2271 1268 2332 sed

148 2380 206 2457 ipsi
229 2380 276 2441 dei
299 2380 428 2441 traduoti
452 2385 546 2441 erant.
590 2380 742 2440 Luoiauus
765 2383 879 2454 autem,
907 2376 1070 2436 aemulator·
1092 2375 1141 2435 ille
1164 2375 1269 2452 Cyniei

149 2483 314 2555 Gadareui,
342 2484 396 2544 has
419 2483 570 2562 Epistulae
592 2483 633 2542 ita
656 2482 787 2541 imitatus
809 2485 871 2558 est,
894 2484 927 2540 ut
949 2483 979 2540 et
1000 2480 1112 2540 formas
1134 2496 1170 2539 eo
1193 2477 1269 2538 libro

149 2587 200 2663 qui
224 2586 386 2663 inscriptus
409 2591 454 2646 est
475 2569 664 2644 Ἐπιστολαί
686 2577 851 2662 Κρονικαὶ
878 2586 908 2642 et
935 2582 1098 2642 sententias
1125 2579 1206 2640 haud
1227 2580 1269 2638 ita

148 2687 252 2764 pauois
262 2687 397 2764 Dialogis
408 2687 604 2764 bloi-tuorum,
618 2685 648 2745 iri
661 2685 811 2763 quodiam
824 2703 918 2763 supra
929 2683 1096 2758 statuimus,
1106 2681 1270 2758 effingeret

234 2789 407 2866 Sequuntur
437 2789 518 2868 apud
552 2789 716 2865 Diogenem
747 2788 842 2864 haee:¹
873 2776 963 2864 Πρὸς
995 2775 1075 2856 τούς
1106 2768 1270 2860 φυοικοῦς

149 2887 205 2950 καὶ
226 2881 481 2971 μαθηματικούς
508 2884 564 2948 καὶ
594 2879 841 2970 γραμματικοὺς
867 2882 924 2947 καὶ
949 2876 1050 2966 γονὰς
1070 2870 1270 2960 Ἑπικούρου

149 2988 205 3053 καὶ
234 2985 294 3064 τὰς
320 2986 591 3073 θρησκευομένας
621 2977 679 3052 ὑπ’
709 2977 823 3051 αὐτῶν
846 2976 987 3061 εἰκάδας.
1033 2989 1148 3063 Quibus
1171 2989 1270 3048 verbis

150 3102 248 3158 utrum
271 3115 350 3158 unus
373 3117 411 3157 an
433 3099 536 3176 plures
561 3097 627 3156 libri
658 3094 864 3172 significentur
893 3093 974 3154 baud
997 3092 1084 3152 laeile
1106 3096 1151 3152 est
1173 3091 1270 3150 dieto:

149 3200 221 3259 mihi
244 3201 332 3260 unius
361 3199 461 3276 operis
489 3200 608 3260 maioris
638 3198 729 3258 index
756 3215 822 3258 esse
849 3196 978 3256 videtur.
1021 3195 1098 3254 Nam
1122 3194 1147 3253 si
1169 3192 1270 3270 plures

149 3303 243 3363 libros
264 3302 396 3362 iudieare
426 3301 572 3361 voluisset
594 3300 761 3377 Diogenes,
792 3316 852 3359 nou
884 3298 987 3358 dubito
1018 3297 1091 3374 quin
1120 3294 1270 3374 praeposi-

148 3403 258 3464 tionem
286 3390 372 3482 πρὸς
405 3405 567 3464 iteraturus
602 3399 735 3473 fuerim).
790 3403 896 3478 ltaque
928 3401 958 3460 in
993 3402 1135 3476 quattuor
1168 3402 1271 3474 partes

236 3586 256 3651 ¹)
273 3589 298 3651 a,
312 3588 351 3638 ιο.
373 3587 410 3637 ιο.

234 3672 256 3734 ²)
275 3669 466 3738 Diog.,1iaert.
486 3673 510 3738 5,
527 3672 564 3722 ll.

234 3755 414 3822 umam

233 3842 257 3902 ⁴)
273 3839 311 3895 lo.
332 3844 424 3906 10,1s.

234 3929 257 3992 ⁵)
273 3926 311 3981 ib.
330 3931 354 3994 5,
373 3930 413 3980 51.
448 3922 553 3978 Athen.
572 3929 666 3993 5,187.
702 3923 760 3978 Cio.
779 3922 815 3977 de
832 3921 879 3978 liu.
898 3927 921 3990 2,
931 3926 964 3976 99
974 3937 1015 3990 eq.

234 4014 259 4078 ⁰)
276 4013 344 4065 Lus.
363 4010 398 4066 de
416 4010 505 4065 Morte
522 4011 633 4078 Peregr.
646 4014 687 4064 ll.
722 4006 854 4064 Philostr.
873 4013 897 4074 l,
909 4012 951 4060 35.
969 4024 996 4076 p.
1009 4011 1067 4060 314.

235 4100 257 4163 ⁷)
274 4097 398 4153 Plotius.
415 4095 494 4152 ‘nisu
513 4099 554 4164 53,
570 4099 608 4150 ιο.

234 4185 257 4249 ⁸)
274 4180 308 4238 of.
326 4182 357 4235 F.
374 4181 408 4236 V.
426 4179 562 4236 Fritaseh.
581 4180 616 4235 de
639 4179 736 4249 seript.
754 4184 806 4234 sat.
821 4173 901 4248 spes.
919 4182 944 4245 4,
966 4193 994 4245 p.
1007 4181 1032 4244 8,
1058 4175 1107 4246 qui
1131 4189 1193 4228 oum
1215 4187 1273 4226 non

148 4283 231 4324 unam
250 4267 301 4323 sed
318 4267 389 4322 duas
407 4266 453 4322 hio
471 4265 622 4334 significari
640 4263 741 4320 satiras
755 4265 785 4318 iu
796 4263 893 4319 oeulos
904 4261 1048 4318 insumere
1060 4262 1272 4328 argumentetur

147 4353 189 4408 ita
206 4353 356 4422 legendum
374 4366 437 4408 esse
455 4356 564 4407 censet:
581 4344 655 4422 πρὸς
671 4344 740 4414 τοὺς
758 4342 898 4418 φυσικοὺς
915 4343 965 4400 καὶ
982 4337 1205 4413 μαθηματικοὺς
1222 4337 1272 4394 καὶ

149 4433 378 4512 γραμματικοὺς·
397 4433 447 4492 καὶ
464 4431 562 4508 (πρὸς)
580 4430 668 4506 γονὰς
685 4427 853 4504 Ἐπικούρου
871 4449 932 4486 xta.
