3052 5036
256 430 291 488 14

249 603 306 661 teri
321 620 380 662 non
395 604 495 678 potest
506 602 579 678 quin
592 602 671 662 inter
683 619 708 660 e.
720 600 783 661 fero
797 600 869 662 000
882 601 1035 662 -OOLX
1047 606 1173 663 estatem
1186 603 1250 662 cius
1262 603 1371 662 consti·

248 705 347 764 tuerit.
390 704 522 764 Primum
546 704 624 764 enim
647 703 798 764 Lucienus
821 704 993 782 Menippum
1017 704 1132 766 inducit
1152 703 1189 765 de
1209 705 1299 765 rebus
1324 723 1371 765 ns·

248 825 308 883 qne
331 807 368 866 ed
384 826 410 867 e.
426 807 528 866 ODLX
543 807 636 883 gestis
652 806 731 865 houd
748 807 838 866 semel
854 805 1052 868 disserentem
1068 812 1098 868 et
1115 813 1371 879 commentantem,

248 909 285 967 de
307 909 397 969 rebus
419 914 523 987 postes
545 908 637 985 gestis
659 927 822 986 nunquam.
866 909 982 970 Deinde
998 910 1222 987 Philosophiam
1244 910 1274 970 in
1294 910 1370 970 libro

248 1012 298 1088 qui
321 1005 490 1089 Δραπέται
500 1005 522 1086 ¹)
546 1011 706 1089 inscriptus
729 1016 775 1072 est
797 1009 875 1072 idem
899 1013 972 1072 haec
987 1013 1080 1072 verbe
1103 1012 1258 1073 facientem
1284 1012 1370 1072 fecit:

224 1104 345 1192 ’ἐχρῆν
367 1107 429 1191 μὲν
444 1091 506 1171 οὖν
528 1106 609 1182 ἰ’σοος
629 1102 708 1172 τότε
723 1119 842 1191 φυγεῖν
859 1097 959 1184 εὐθὺς
981 1107 1036 1172 καὶ
1052 1108 1169 1194 μηκέτι
1193 1100 1369 1192 ἀνέχεσθαι

246 1202 310 1294 τήν
331 1209 514 1274 συνουσίαν
536 1200 658 1287 αὐτῶν,
689 1210 753 1273 νῦν
774 1208 811 1274 δὲ
836 1209 1042 1308 Ἀντισθένης
1068 1231 1107 1294 με
1136 1210 1190 1274 καὶ
1213 1209 1370 1296 Διογένης

246 1311 302 1374 καὶ
316 1303 401 1394 μετὰ
420 1306 541 1395 μικρὸν
556 1305 688 1396 Κράτης
711 1311 767 1374 καὶ
782 1311 961 1388 Μένιππος
975 1309 1075 1387 ουτος
1098 1307 1235 1376 ἔπεισαν
1250 1302 1370 1396 ὀλίγον

246 1405 330 1477 ὅσον
362 1411 578 1497 ἐπιμετρῆσαι
599 1413 660 1498 τῆς
687 1413 803 1497 μονῆς.
849 1419 927 1479 Dicit
956 1421 1048 1496 igitur
1071 1421 1243 1498 Menippum
1266 1421 1367 1497 paullo

246 1527 314 1598 post
335 1520 541 1580 Antisthenem
564 1526 595 1580 et
614 1522 778 1598 Diogenem
802 1521 903 1598 fnisse,
927 1539 1057 1598 nequee
1077 1541 1150 1582 vero
1165 1522 1367 1582 aberrabimus

246 1624 270 1682 si
291 1623 414 1684 Lucieni
431 1622 529 1682 verbis
545 1623 680 1682 excussis
702 1621 872 1699 putabimus
889 1623 965 1682 inter
981 1622 1131 1684 Oretetem
1147 1629 1177 1683 et
1193 1624 1366 1701 Menippum

246 1724 370 1786 eandem
393 1724 457 1784 iere
489 1728 656 1801 temporum
687 1725 832 1783 rationem
862 1725 1066 1785 intercessisse
1096 1745 1174 1802 quse
1204 1725 1259 1785 fuit
1288 1726 1368 1785 inter

246 1828 452 1888 Antisthcncm
475 1830 507 1884 et
522 1825 696 1903 Diogenem,
717 1843 795 1902 quos
817 1825 936 1902 quidem
952 1831 1051 1887 aetate
1072 1827 1137 1887 iere
1151 1828 1204 1887 XL
1219 1845 1365 1886 annorum

245 1929 353 1990 distere
377 1932 508 1987 constet:
537 1927 730 1987 Antisthenes
753 1927 830 1986 enim
861 1947 887 1986 e.
909 1927 1083 2005 CCCLXV,
1111 1927 1183 1988 obiit
1214 1930 1366 2004 Diogenes

244 2050 270 2090 e.
293 2030 474 2092 cccxxiii.
537 2029 685 2092 Oretctorn
725 2036 823 2090 eutem
863 2048 929 2090 cum
960 2051 986 2090 n.
1018 2049 1043 2091 e.
1067 2029 1195 2092 00οΧΧ
1230 2031 1366 2090 flor-nisse

245 2152 338 2211 supro
353 2132 643 2192 commemoraverim
659 2132 819 2193 Luciumue
834 2134 945 2210 optimc
960 2133 1026 2191 iure
1038 2131 1118 2192 houd
1133 2133 1175 2190 ite
1190 2132 1283 2192 multo
1298 2139 1366 2210 post

244 2237 373 2312 Cynicos
409 2236 476 2296 illos
505 2234 597 2294 fuisse
628 2234 707 2294 dicit.
759 2236 839 2312 Ergo
863 2235 1035 2312 Menippum
1072 2234 1206 2295 Lucieno
1240 2239 1365 2294 auctore

244 2344 471 2416 temporumque
486 2338 603 2398 ratione
618 2336 719 2396 hebits
741 2355 768 2396 e.
783 2337 846 2398 fere
862 2335 1020 2397 OOLXXX
1042 2336 1179 2397 floruisse
1201 2338 1365 2396 rectissime

243 2439 449 2499 iudicabimus.
494 2439 632 2514 Denique
655 2437 806 2500 Lucienus
829 2439 858 2498 is
883 2437 1026 2497 Bis-hcc.
1042 2442 1082 2499 33
1109 2434 1182 2498 τῶν
1206 2433 1365 2497 παλαιῶν

243 2537 358 2600 κυνῶν
380 2558 456 2599 τινα
477 2529 566 2618 μάλα
587 2523 772 2598 ὑλακτικὸν
793 2557 861 2602 eum
889 2540 1023 2616 eppellet
1050 2544 1142 2618 etqrrc
1172 2541 1363 2601 acerbitatem

244 2643 400 2719 Eupolidis
421 2642 693 2720 Aristophanisqne
723 2646 754 2703 et
779 2646 914 2702 veterem
942 2641 1060 2702 illorum
1087 2642 1267 2718 Cynicorum
1296 2661 1363 2721 pro·

243 2745 337 2823 priem
361 2746 387 2805 ei
411 2745 521 2804 tribuit.

327 2865 410 2924 Haec
439 2863 529 2924 hebui
560 2881 636 2941 quac
669 2863 705 2923 dc
736 2867 870 2923 veterem
902 2863 1077 2924 testimoniis
1108 2868 1137 2924 ct
1167 2863 1204 2924 de
1227 2870 1362 2941 tempore

242 2967 375 3044 Menippi
411 2965 621 3026 constituendo
654 2965 829 3042 proferrem.
887 2965 968 3025 Nihil
1001 2965 1097 3025 dicem
1130 2966 1187 3026 hoc
1221 2967 1287 3026 loco
1324 2965 1361 3027 de

242 3070 396 3129 Arcesiloo
420 3079 450 3128 et
471 3067 593 3146 Epicuri
617 3067 788 3146 discipulis:
819 3067 849 3127 in
873 3085 949 3144 qnos
972 3068 1058 3126 vivos
1080 3067 1218 3128 nimirum
1243 3070 1362 3146 scriptis

242 3170 419 3248 quibusdem
452 3170 532 3230 infre
562 3175 701 3229 accurate
731 3167 896 3229 tractantis
918 3169 1091 3247 Menippum
1122 3170 1273 3230 invectum
1296 3190 1361 3231 csse

242 3291 420 3350 quemquem
445 3272 587 3344 concedo,
609 3277 709 3332 temmr
726 3291 785 3332 nen
801 3289 926 3349 prorsus
942 3273 976 3332 V.
992 3270 1192 3345 r‘rnzsehiot)
1208 3276 1362 3352 assentior,

241 3375 292 3452 qni
324 3375 398 3435 illud
432 3376 549 3434 maximi
581 3375 720 3434 momenti
753 3379 782 3432 et
814 3373 954 3450 ponderis
985 3391 1050 3434 esse
1080 3374 1153 3435 dicit
1184 3392 1361 3453 omnemque

242 3477 323 3537 litem
347 3476 384 3536 de
416 3481 513 3537 aetate
536 3475 671 3553 Menippi
694 3474 790 3534 dirimi
813 3479 1041 3552 argumentetur
1063 3493 1124 3537 unc
1146 3495 1182 3536 ee
1204 3497 1251 3555 re,
1280 3477 1361 3556 quod

241 3579 399 3656 Menippus
422 3579 556 3655 aequalis
578 3577 669 3637 fuerit
690 3577 845 3636 Arcesilae
869 3575 1064 3656 philosopho,
1094 3597 1183 3655 quem
1206 3581 1307 3640 vivum
1330 3581 1360 3640 in

240 3685 344 3742 setnre
373 3682 549 3757 cognomine
580 3679 743 3739 insectatus
772 3681 825 3740 sit:
859 3698 926 3739 nem
957 3681 1030 3739 elies
1061 3699 1136 3756 ques
1162 3699 1255 3758 supra
1276 3683 1361 3742 attuli

241 3801 346 3844 censes
369 3783 524 3861 graviores
547 3781 683 3859 equidem
707 3786 788 3858 pnto.
841 3783 900 3842 lem
924 3782 996 3840 setis
1019 3781 1088 3841 mihi
1111 3783 1216 3843 videor
1239 3785 1360 3844 demos-

240 3889 350 3947 stresse
372 3885 544 3962 Menippum
568 3883 711 3959 Cynicum
735 3883 845 3943 vixisse
868 3884 945 3943 inter
967 3901 993 3943 e.
1009 3884 1070 3944 fere
1087 3883 1321 3947 OOC—OGXL.

325 3988 496 4048 Proximum
527 3989 574 4046 est
605 3990 638 4045 nt
670 3983 707 4044 de
737 3986 815 4044 vitoe
838 3985 969 4064 Menippi
993 3987 1167 4047 condicione
1189 3991 1280 4066 etque
1302 3987 1360 4050 for-

240 4093 314 4152 tune
343 4087 496 4150 disseram.
547 4085 674 4148 Generis
704 4105 771 4148 eum
802 4086 960 4149 oriundum
991 4088 1081 4150 fnisse
1103 4088 1160 4150 ism
1182 4091 1360 4167 supradixi

327 4304 335 4335 h

324 4303 348 4452 ’Ξ
364 4306 514 4457 30¹:eript
532 4393 583 4444 set
601 4403 677 4456 spec.
700 4387 749 4456 IV,
767 4393 820 4459 pt
839 4394 868 4444 et
884 4393 946 4458 ps.
