3052 5036
1204 412 1245 474 35

127 589 192 650 loeo
214 588 391 667 disceptare,
414 592 513 649 utrum
538 588 638 647 verbis
660 580 840 664 Ke'pxooaac
857 572 964 660 ’Όφεις
986 585 1111 646 duorum
1133 587 1244 662 Menip-

126 710 248 768 peorum
277 692 440 752 carminum
465 691 539 750 tituli
564 690 773 750 contineantur
801 708 839 750 ac
870 708 962 749 unum
990 707 1109 750 carmen
1136 687 1245 766 signifi·

127 799 209 855 11111
220 791 258 870 ¹),
288 813 347 854 non
370 792 466 873 dicam
489 793 546 852 boc
569 792 637 852 loco
660 790 697 851 de
719 791 853 852 dramate
877 785 948 860 Δίες
970 790 1131 868 inscripto,
1162 790 1243 868 quod

126 897 162 956 ab
192 897 293 971 ignoto
324 895 425 971 aliquo
456 899 546 971 potita
577 895 773 971 compositum
807 912 843 953 ex
873 893 960 954 Aelio
990 892 1133 968 Dionysio
1163 892 1244 970 apud

126 997 261 1058 Eustath.
297 998 335 1057 ed
365 998 452 1058 Hom·
488 1016 516 1073 p.
535 1000 626 1074 1384,
641 999 682 1056 46
718 993 918 1068 Meinekiuai)
956 996 1098 1073 Menippo
1134 995 1246 1056 tribuit

126 1099 296 1160 Cavendum
321 1100 398 1161 euim
420 1103 466 1159 est
488 1117 525 1160 ue
548 1101 627 1160 iusto
651 1099 720 1176 plus
743 1099 902 1176 colligatur
928 1116 966 1158 ex
987 1097 1162 1158 testimoniis
1184 1115 1243 1158 nou

124 1203 196 1264 setis
218 1203 337 1278 apertis.

209 1306 331 1366 Praeter
353 1303 473 1366 Suidam
497 1305 621 1365 Photius
652 1304 829 1364 mentionem
853 1302 924 1364 facit
945 1302 1045 1379 poesis
1067 1302 1245 1380 Menippeas

123 1407 153 1466 in
176 1407 348 1482 11111167,
369 1411 484 1485 pilia,
507 1408 558 1468 ubi
580 1409 657 1468 iuter
680 1411 785 1483 poetas
808 1407 845 1466 11
868 1407 914 1467 Jo.
935 1403 1063 1466 Stobaeo
1085 1409 1244 1483 excerptos

25 1510 26 1598 1
124 1508 210 1568 etiam
233 1510 393 1587 Menippus
423 1510 554 1586 ponitur.
599 1509 685 1582 Quod
718 1509 916 1585 testimouium
940 1508 1184 1586 quinperrincat
1205 1507 1243 1567 ad

123 1611 267 1688 Cynicum
289 1611 371 1672 111111
395 1610 584 1672 Gadareuum
607 1629 665 1672 non
690 1610 810 1686 dubito,
831 1610 1005 1688 praesertim
1030 1628 1095 1670 cum
1118 1609 1244 1685 vestigia

123 1713 259 1789 quamvis
290 1731 388 1791 pauca
420 1715 519 1792 poesis
552 1715 632 1776 illins
666 1715 724 1774 iam
758 1718 846 1774 antea
878 1715 907 1772 iu
931 1713 1032 1774 verbis
1055 1697 1243 1790 ἁλμοπότιν

24 1877 25 1890 ,
122 1800 267 1874 Μύνδον
288 1817 498 1878 invenerimus.

208 1919 278 1979 Enit
298 1919 391 1996 igitur
413 1920 573 1997 Menippus
594 1921 659 1997 ipse
681 1923 787 1997 poeta,
809 1923 900 1997 atque
922 1918 1059 1978 versibus
1081 1935 1156 1994 quos
1178 1919 1243 1995 ipse

121 2025 340 2098 composuerat,
362 2022 439 2080 sicut
461 2024 530 2098 post
551 2039 618 2081 eum
634 2024 731 2082 Varro
753 2021 832 2092 feeit,
855 2039 962 2097 prosae
978 2019 1106 2080 orationi
1122 2020 1243 2080 insertis

121 2123 238 2183 varium
267 2127 298 2182 et
326 2123 448 2200 elegans
478 2124 556 2183 omui
586 2123 651 2184 fere
681 2142 804 2186 numero
832 2139 928 2202 genus
950 2121 1102 2184 scribendi
1124 2119 1243 2184 efficere

121 2225 226 2302 potuit
270 2225 381 2300 Quales
408 2230 507 2286 autem
534 2231 587 2286 aut
609 2229 683 2304 quot
705 2244 810 2286 versus
833 2225 917 2286 libris
939 2226 1099 2287 inseruerit
1121 2223 1243 2284 difficile

121 2329 169 2388 est
190 2326 280 2387 dictu.
324 2328 442 2388 Etenim
465 2347 503 2388 ex
525 2328 607 2388 libris
629 2328 790 2406 Varronis,
820 2329 975 2405 scriptoris
996 2327 1113 2404 Latini,
1134 2327 1191 2387 boc
1212 2327 1242 2386 in

120 2447 231 2505 genere
254 2430 328 2490 nihil
351 2429 429 2492 effici
449 2434 558 2508 potest.
576 2429 580 2434 '
601 2430 659 2492 Sed
684 2449 744 2492 non
765 2428 1242 2492 111111111111111111111111111

120 2551 177 2608 pro
214 2537 296 2593 certo
330 2532 559 2603 affirmaverim,
596 2553 662 2594 eum
704 2534 864 2612 Menippea
892 2533 993 2610 poesis
1024 2533 1140 2610 exiguis
1170 2549 1243 2592 sano
1344 2525 1346 2528 ’

120 2633 230 2695 tinibus
257 2639 399 2696 contenta
429 2652 494 2695 esse
525 2635 672 2696 videatur.
716 2637 808 2696 Multo
831 2640 930 2696 antem
953 2637 1056 2714 plures
1078 2653 1182 2695 vorsus
1204 2651 1241 2694 cx

120 2735 246 2797 aliorum
276 2741 432 2812 poetarum
464 2739 646 2798 carminibus
677 2756 744 2798 eum
777 2740 939 2815 sumpsisse
963 2742 1054 2815 atque
1077 2737 1138 2798 suis
1160 2736 1242 2798 libris

118 2839 314 2900 immiscuisse
327 2841 411 2900 111111
427 2841 680 2918 locupletissimus
696 2847 741 2902 est
757 2842 917 2917 Lucienus,
939 2842 992 2918 qui
1006 2839 1139 2918 parodiis
1154 2856 1242 2916 saepe

119 2942 164 3002 uti
186 2945 350 3004 consuerit
394 2943 512 3004 Etenim
534 2944 576 3002 ita
599 2945 784 3021 potissimum
806 2944 933 3005 aliorum
955 2961 1062 3003 versus
1083 2943 1243 3019 Menippus

22 3071 23 3076 ¹
118 3043 285 3121 usurpabat
317 3047 349 3104 11
379 3045 511 3122 parodiis
543 3063 594 3105 cos
626 3045 805 3108 deflecteret.
850 3046 935 3121 Quae
958 3045 1078 3123 quidem
1101 3043 1243 3121 parodiae

22 3135 24 3182 Γ
118 3145 202 3223 quod
231 3161 301 3206 raro
331 3148 524 3208 inveniuntur
550 3150 583 3225 vin
616 3150 759 3210 Varronis
788 3149 978 3226 fragmentis,
1010 3147 1242 3225 haudquaquam

117 3249 255 3324 sequitur
289 3249 464 3327 Menippum
502 3252 682 3312 abstinuisse
719 3251 858 3328 parodiis.
915 3254 1131 3328 Praeterquam
1164 3251 1241 3310 euim

117 3348 202 3425 quod
231 3367 328 3410 sermo
351 3350 476 3412 Latinus
498 3353 577 3412 hanc
599 3357 694 3414 artem
717 3354 767 3412 vix
790 3352 869 3415 terre
891 3353 1011 3414 videtur
1033 3352 1158 3414 Romani
1181 3371 1241 3413 non

22 3505 23 3550 4
117 3452 281 3512 Homerum
310 3452 359 3511 vel
380 3452 555 3530 Euripidem
584 3455 692 3530 quibus
723 3460 793 3532 apte
823 3455 904 3516 abuti
936 3456 1041 3516 1111111
1062 3455 1242 3516 babuerunt

116 3553 269 3616 Lucienus
298 3559 397 3616 autem
429 3558 480 3632 qni
507 3558 644 3618 omuibus
666 3559 799 3636 Menippi
821 3557 979 3618 insistebat
1001 3558 1151 3636 vestigiis,
1173 3577 1241 3618 oum

117 3657 185 3732 ipse
208 3675 268 3716 uon
291 3663 373 3719 esset
391 3663 495 3736 poeta,
518 3661 590 3736 quid
613 3659 696 3722 aliud
718 3659 819 3722 facere
840 3663 960 3738 poterat
982 3664 1016 3720 ut
1038 3659 1130 3720 libros
1152 3679 1241 3736 expo

115 3759 187 3819 11111
209 3776 298 3836 quam
321 3765 355 3822 111
376 3778 482 3822 versus
504 3761 542 3822 ab
565 3763 632 3822 aliis
654 3764 751 3839 poetis
773 3767 890 3839 peteret
912 3766 942 3822 et
962 3762 998 3824 iis
1020 3763 1050 3822 in
1070 3763 1241 3841 suisipsius

116 3860 203 3922 libris
225 3865 279 3922 aut
300 3861 339 3922 ad
361 3864 486 3924 verbum
509 3866 659 3943 expressis
682 3870 734 3926 aut
750 3869 895 3943 quantum
910 3865 974 3926 11111
988 3870 1106 3944 potarat
1120 3867 1241 3927 mutatis

117 3962 180 4024 tate
202 3965 279 4024 varii
300 3966 420 4042 generis
442 3983 518 4043 epus
541 3966 675 4029 afficeret
696 3969 786 4046 quale
802 3987 821 4030 a
836 3969 977 4046 Menippo
991 3969 1050 4030 iam
1065 3985 1239 4046 expressum

117 4079 324 4089 ——-.

207 4128 227 4193 ¹)
248 4124 282 4181 cf.
306 4127 338 4181 E.
362 4131 396 4182 V.
419 4127 554 4194 Fritzsoh.
584 4144 659 4197 spec.
686 4136 717 4199 5⁷,
739 4147 766 4199 p.
784 4135 807 4184 5.
847 4130 899 4183 Tb.
923 4130 1059 4186 Fritaseb.
1082 4131 1135 4186 11.
1159 4148 1184 4200 p.
1201 4137 1239 4186 14.

116 4209 255 4266 1111111111.
279 4212 532 4268 11111118111111.
556 4231 582 4283 p.
596 4217 655 4268 234.

204 4297 227 4363 2)
244 4293 328 4351 Viud.
353 4297 443 4354 Strab.
471 4315 498 4368 p.
518 4303 623 4368 11411.
659 4299 789 4357 1111111.
812 4302 831 4356 l.
850 4301 867 4358 1.
891 4317 919 4370 p.
939 4306 977 4356 lt.
1011 4302 1043 4356 E.
1057 4300 1091 4356 V.
1102 4299 1239 4356 Fritnscb.

116 4393 196 4449 spec.
214 4385 239 4449 1,
251 4385 275 4439 6.
310 4381 361 4438 Tb.
379 4383 515 4441 Fritaseb.
538 4384 584 4442 11.
608 4402 636 4455 p.
651 4391 690 4442 15.

998 4488 1034 4541 3*
