3052 5036
253 351 271 414 8

252 525 394 600 Meleagri
426 526 641 603 epigrammata
676 545 767 588 uuum
779 525 800 597 ¹)
837 528 1008 588 inveniatur
1045 528 1075 588 in
1114 529 1258 590 tumulum
1296 531 1375 591 illius

251 632 342 704 atquc
379 631 413 689 ut
441 630 571 690 recentis
603 629 723 707 quidem
760 634 867 706 poetae
902 631 1107 708 compositum.
1167 631 1374 694 Philodemum

253 735 353 792 autem
376 737 495 808 poetam
517 733 549 791 in
572 732 818 810 epigrammatum
841 751 953 811 genere
976 734 1203 794 celeberrimum
1219 733 1375 814 Philippus

252 832 537 907 Thessalonicensis,
561 835 612 911 qui
635 838 669 894 ut
689 835 754 912 ipse
776 833 921 908 fatetur²l
946 836 1087 914 Meleagri
1105 836 1135 896 in
1151 837 1375 915 epigrammatis

252 934 429 1011 colligendis
457 936 582 1012 vestigia
613 935 668 998 suh
700 937 810 999 saeculi
840 956 870 1015 p.
893 937 962 1000 chr.
992 939 1079 1016 primi
1110 938 1222 999 exitum
1252 943 1375 1013 secutus

253 1041 308 1115 est,
330 1037 408 1098 inter
430 1056 481 1100 eos
504 1045 641 1101 recenset
667 1041 718 1117 qui
734 1044 803 1118 post
825 1041 1007 1118 Meleagrum
1027 1039 1158 1102 fuorunt.
1201 1041 1282 1104 Dicit
1296 1041 1375 1102 enim

252 1139 411 1218 Philippus
440 1158 473 1201 se
500 1140 648 1204 Coronam
678 1143 867 1204 contexuisse
897 1161 934 1202 ex
956 1143 1053 1219 postis
1075 1124 1293 1223 baioartporg,
1316 1142 1332 1203 i.
1349 1161 1375 1203 e.

253 1246 285 1304 ut
316 1245 472 1304 contextus
503 1244 590 1306 docet
620 1263 658 1304 ex
688 1245 724 1305 iis
752 1245 804 1322 qui
828 1244 979 1321 Meleagro
1007 1245 1065 1304 iam
1088 1250 1205 1307 mortuo
1228 1247 1374 1324 epigram·

252 1349 331 1406 mata
353 1346 557 1424 scripserunt,
588 1351 678 1424 atque
707 1346 785 1410 inter
813 1347 867 1408 hos
896 1365 961 1407 cum
985 1347 1143 1408 alios‘tum
1166 1346 1375 1410 Philodamum

252 1447 445 1509 Gadarenum
469 1446 566 1526 (1‚9l
589 1454 752 1510 enumerat.
795 1450 903 1526 Neque
926 1447 1021 1524 euim,
1043 1449 1068 1509 si
1091 1449 1178 1510 aliter
1200 1467 1249 1510 res
1271 1468 1303 1510 se
1324 1449 1374 1509 ha·

251 1551 335 1612 beret
358 1556 387 1612 et
402 1551 545 1629 Meleagri
567 1551 625 1612 iam
648 1551 832 1629 temporibus
854 1552 905 1612 ille
927 1552 1061 1629 vixisset,
1082 1551 1235 1630 probabile
1256 1551 1376 1614 videtur

252 1653 434 1730 Meleagrum
458 1652 537 1713 hunc
558 1654 672 1731 virum,
703 1654 797 1714 civem
827 1653 964 1714 nimirum
992 1659 1022 1714 et
1043 1654 1074 1716 in
1095 1671 1131 1714 eo
1154 1653 1304 1716 scribendi
1327 1671 1376 1731 ge·

252 1772 324 1816 nere
356 1755 402 1814 cui
433 1756 497 1832 ipse
528 1755 668 1818 studebat
699 1754 928 1831 nobilissimum,
956 1756 1163 1831 ignoraturum
1196 1754 1377 1835 silentioque

252 1857 482 1933 praeteriturum
526 1857 625 1918 fuisse.
688 1857 803 1918 Florali
840 1861 938 1918 summ
978 1855 1172 1918 Philodemus
1210 1875 1235 1916 o.
1256 1875 1283 1918 a.
1306 1854 1376 1931 Η).

253 1959 362 2018 Verum
395 1961 441 2018 eat
469 1959 561 2037 igitur
590 1958 621 2020 id
649 1959 730 2037 quod
763 1959 909 2022 scholium
943 1958 1072 2020 affirmat
1104 1958 1287 2036 Meleagrum
1318 1959 1374 2020 sub

252 2061 355 2120 ultimo
377 2059 502 2123 Seleuco
534 2062 652 2121 vixisse.
701 2062 731 2123 Is
762 2063 838 2122 onim
869 2079 999 2137 regnare
1027 2060 1124 2137 coepit
1152 2079 1178 2120 a.
1201 2061 1375 2138 Lxxxxv,

252 2181 312 2241 quo
341 2166 476 2241 tempore
513 2163 673 2242 Antipater
707 2162 865 2226 defunctus
896 2167 978 2240 crat,
1014 2161 1204 2224 Philodemus
1241 2164 1374 2224 nondum

251 2265 385 2328 florebat.

339 2385 486 2460 Quoniam
511 2386 548 2446 de
572 2385 713 2460 Meleagri
736 2389 834 2446 aetate
857 2385 928 2444 satis
949 2389 1087 2445 accurate
1103 2383 1230 2446 disserui
1246 2402 1375 2463 cumque

254 2488 332 2548 inter
355 2506 381 2547 a.
397 2487 475 2548 CXX
498 2490 527 2547 et
549 2488 575 2547 L
597 2485 688 2547 fuisse
717 2486 934 2565 demonstravi,
962 2487 1018 2547 iam
1050 2486 1209 2548 redeamus
1239 2487 1277 2548 ad
1306 2489 1375 2548 Dio·

251 2608 357 2667 genem
381 2590 549 2667 Laertinm,
579 2589 631 2666 qui
658 2589 799 2666 aequales
821 2589 913 2650 fuisso
938 2590 1108 2666 Menippum
1137 2593 1168 2649 et
1189 2589 1374 2668 Meleagrum

253 2692 412 2751 memoriae
443 2691 583 2767 prodidit.
635 2689 692 2751 Sed
725 2692 750 2751 si
781 2691 868 2751 modo
891 2691 1034 2752 mendosa
1063 2710 1122 2751 uon
1147 2695 1192 2753 est
1214 2692 1301 2752 lectio
1323 2692 1374 2752 illa

255 2799 327 2862 τοῖς
356 2781 555 2872 Μελεάγρου
583 2789 645 2852 τοῦ
673 2778 746 2852 κατ’
777 2777 882 2852 αὐτὸν
911 2787 1095 2872 γενομένου
1121 2792 1213 2853 valdc
1236 2794 1374 2856 nimirum

252 2896 379 2966 erravit,
417 2896 592 2973 praesertim
634 2913 701 2956 cum
741 2895 892 2972 Meleager
928 2896 993 2972 ipse
1027 2896 1241 2972 epigrammate
1281 2893 1374 2968 127⁴)

252 2997 413 3058 ostendere
435 2997 590 3072 videatur,
612 2997 710 3074 qualis
730 2998 809 3058 inter
831 2997 927 3075 ipsum
951 3002 980 3057 ct
1003 2998 1175 3074 Menippum
1198 2998 1374 3058 intercesse-

251 3101 291 3160 rit
312 3100 404 3170 ratio;
428 3118 506 3177 quac
528 3099 647 3177 quidem
672 3099 774 3160 eadem
798 3103 964 3177 temporum
981 3099 1055 3159 ratio
1072 3100 1158 3160 otiam
1176 3117 1212 3159 ex
1227 3101 1374 3176 epigram-

252 3207 330 3262 mate
347 3203 399 3263 illo
414 3199 534 3264 Anthol.
550 3203 629 3262 inter
645 3187 758 3261 α’δεσπ.
778 3197 871 3277 572⁶)
887 3202 917 3261 in
935 3203 1117 3278 Meleagrum
1136 3202 1300 3279 composito
1322 3220 1373 3279 ap-

252 3308 348 3383 paret.
392 3303 509 3364 Etenim
541 3323 579 3364 ex
610 3304 657 3364 hia
688 3304 909 3380 epigrammatis
937 3303 1008 3379 qnid
1033 3301 1183 3364 officitur?
1226 3303 1373 3364 Nimirum

252 3408 287 3467 iis
309 3405 417 3484 quihus
433 3408 586 3485 Meleager
604 3411 695 3485 poeta
718 3405 793 3466 vixit
814 3404 999 3483 temporibus
1020 3405 1150 3484 Menippi
1165 3406 1291 3483 gloriam
1314 3406 1373 3468 iam

195 3532 197 3542 ¹
253 3528 390 3587 magnam
405 3513 660 3587 pervagatamque
675 3507 775 3569 fnisse.
813 3509 882 3568 Non
898 3506 1061 3569 defuerunt
1076 3507 1127 3586 qni
1146 3512 1179 3569 ut
1193 3506 1373 3577 oehlerustl

339 3728 360 3792 ¹)
376 3723 472 3792 Epigr.
493 3725 548 3776 123.

337 3812 359 3873 ²)
378 3807 493 3863 Anthol.
511 3808 558 3863 Gr.
576 3809 653 3864 'l'om
672 3809 708 3876 11,
726 3826 752 3879 p.
767 3813 824 3863 216.
845 3812 866 3876 t,
879 3812 904 3861 4.

337 3897 359 3961 ³)
377 3894 435 3950 Cic.
455 3893 483 3946 in
501 3891 593 3947 Pison.
622 3894 715 3958 hatis.

337 3983 361 4048 ⁴)
380 3972 541 4049 Εὕαράτεω
554 3970 697 4047 ἔβλαστον
709 3972 725 4030 ὃ
739 3969 791 4031 σὺν
805 3971 937 4039 Μούσαις
951 3971 1129 4047 Μελέαγρος,

354 4066 462 4135 Hordeo
477 4059 670 4126 Μενιππείαις
689 4057 885 4133 σοντροχάσας
905 4057 1038 4132 Χάρισιν.

338 4152 362 4219 ⁶)
382 4151 498 4204 Μοῦσαι
521 4141 546 4202 δ’
570 4143 612 4202 εἰν
636 4140 745 4217 ὀλίγοις
767 4165 804 4214 με
826 4141 878 4200 τὸν
902 4139 1060 4216 hispatio
1088 4140 1261 4217 Μελέαγρον

358 4235 452 4288 Medda
471 4229 664 4296 Μενιππείαις
681 4224 821 4301 η’γλάϊσαν
839 4225 955 4302 Χάρισι.

338 4322 361 4388 ⁶)
378 4317 413 4374 M.
431 4318 494 4374 Tor.
512 4316 647 4374 Varronis
665 4323 717 4372 sat.
736 4317 858 4388 Mcnlpp.
876 4316 955 4386 reliq.
984 4333 1011 4388 p.
1025 4320 1065 4372 43.
