3052 5036
1206 399 1244 460 19

120 570 268 632 indicibus
300 571 442 632 librorum
465 573 516 648 qui
539 591 556 630 e
579 573 714 647 Diogene
735 571 857 631 Laertio
890 574 919 631 ct
942 571 1099 632 Athenaeo
1131 573 1242 632 servati

120 677 192 734 sunt
222 677 284 735 tum
315 693 352 734 ex
382 693 419 734 oe
448 674 576 751 imagine
603 691 692 751 qnam
715 673 868 734 Lucienus
890 674 976 734 nobis
1000 675 1149 752 expressit
1170 675 1243 736 setis

120 775 250 836 dilucide
274 781 409 855 apparet.
448 837 450 842 ,

207 896 360 956 Lucienus
397 895 517 974 quidem
555 913 736 972 quemquam
773 896 956 973 pedisequus
990 896 1076 973 quasi
1110 897 1244 975 Menippi

120 1001 188 1057 erat
210 1017 364 1075 nunqnam
387 999 514 1058 veritate
536 998 676 1074 neglecta
697 997 809 1057 fumum
833 1016 888 1074 pro
904 1015 977 1058 vero
993 1000 1080 1059 nobis
1095 999 1244 1076 vendidit3

119 1099 175 1160 sed
191 1101 356 1162 doctrinam
373 1105 463 1177 alque
478 1101 599 1160 virtutis
614 1105 777 1178 praccepta
791 1102 895 1177 qualia
909 1101 956 1160 vir
968 1101 1019 1161 ille
1031 1095 1243 1179 integerrimus

118 1202 242 1262 tradere
263 1203 378 1262 solebat
400 1207 544 1279 tunquam
575 1203 613 1262 ab
645 1221 697 1262 ore
719 1203 809 1264 huius
831 1202 963 1264 delibata
985 1204 1153 1279 legentibus
1175 1224 1243 1281 pro-

118 1307 229 1381 posuit.
276 1306 392 1366 Etenim
424 1324 460 1366 ee
490 1323 569 1382 quac
602 1305 640 1365 de
664 1305 768 1380 Cynici
801 1307 895 1365 nostri
918 1306 1050 1366 moribus
1084 1308 1243 1367 memoriae

119 1406 255 1484 prodidit
277 1409 389 1486 optime
412 1409 576 1468 concinunt
598 1426 665 1467 com
687 1409 723 1467 iis
746 1426 823 1484 quae
845 1408 946 1485 paullo
969 1409 1048 1468 infre
1075 1427 1111 1468 ex
1142 1409 1244 1470 indici-

119 1511 179 1570 bus
209 1509 351 1570 librorum
382 1531 400 1570 a
430 1511 571 1588 Menippo
609 1511 788 1586 scriptorum
820 1509 992 1570 efficiemus.
1043 1509 1102 1572 Sed
1136 1513 1243 1590 quibus

15 1643 18 1650 .
119 1612 211 1671 rebus
234 1612 398 1688 perductus
421 1614 575 1673 Lucienus
597 1612 772 1671 imitandum
794 1613 851 1672 sibi
873 1614 1029 1690 proposuit
1051 1615 1243 1692 Menippum?

118 1715 271 1774 Probabet
293 1717 424 1793 priscum
439 1715 520 1775 illum
536 1715 709 1792 Cynismum
727 1719 818 1792 etque
834 1717 977 1775 rationem
995 1717 1071 1777 illius
1087 1723 1119 1778 ct
1133 1717 1242 1795 agendi

120 1819 154 1876 ct
174 1816 302 1878 dicendi.
346 1818 463 1877 illenim
488 1835 668 1895 quemqnam
691 1817 843 1877 Lucienus
867 1818 903 1878 de
934 1819 1126 1896 philosophie
1153 1839 1242 1898 quem

120 1918 278 1996 professus
312 1920 350 1979 sit
382 1921 446 1997 ipsc
480 1921 622 1980 iudicium
656 1938 754 1996 neque
791 1919 829 1980 ed
863 1921 1111 1982 consuetudinem
1145 1923 1242 2000 philo-

120 2022 284 2098 sophorum
300 2023 449 2098 expressit
464 2041 562 2099 neque
577 2023 618 2081 lte
634 2023 781 2100 probavit,
802 2026 834 2081 ut
848 2023 1018 2101 philosophi
1034 2025 1241 2084 anctoritatem

119 2125 153 2184 in
184 2143 219 2182 eo
242 2142 452 2201 agnoscamus,
483 2129 582 2184 lemen
613 2117 680 2184 cum
703 2124 791 2184 ‘nihil
819 2126 913 2202 magis
943 2126 1149 2203 quaerendum
1179 2145 1242 2188 esse

121 2227 247 2286 sentiret
276 2227 522 2304 philosophorum
555 2226 661 2287 studiis
693 2245 782 2304 quem
815 2228 966 2304 praesidia
993 2229 1029 2286 ad
1053 2229 1144 2288 vitem
1167 2230 1242 2289 bene

120 2328 334 2389 instituendam
358 2329 475 2407 idonea,
497 2330 635 2406 Cynicos,
658 2330 681 2388 si
705 2329 773 2405 quis
796 2329 948 2391 moderate
971 2331 1089 2390 illorum
1112 2333 1243 2391 inventis

114 2429 167 2490 uti
182 2431 278 2504 vellet,
302 2431 381 2491 haud
397 2432 489 2492 semel
504 2431 672 2493 celebravit.
718 2427 759 2492 At
774 2432 947 2508 saepissime
963 2433 1050 2492 etiam
1067 2434 1097 2492 in
1114 2433 1242 2511 Cynicos

121 2532 260 2594 invectus
284 2536 341 2594 esti
375 2534 528 2594 Concedo:
551 2535 688 2594 invectus
710 2538 809 2594 autom
833 2538 878 2594 est
900 2553 1052 2613 nunquam
1076 2536 1105 2595 in
1128 2537 1242 2612 priseos

122 2634 193 2695 illos
225 2635 366 2712 Cynicos,
400 2654 503 2696 verum
534 2637 564 2694 in
595 2655 645 2696 eos
674 2653 749 2713 quos
780 2637 844 2713 ipse
875 2636 1008 2714 videbat,
1045 2642 1078 2697 ut
1109 2639 1243 2700 homines

121 2737 345 2798 molestissimos
375 2743 466 2816 etque
498 2739 624 2799 maxime
654 2739 854 2816 importunos,
887 2740 938 2816 qui
970 2740 1068 2800 barbis
1100 2740 1244 2819 demissis,
1360 2820 1366 2830 ἱ

121 2839 213 2917 peris,
230 2839 351 2928 'baculis
373 2841 512 2901 instructi
535 2842 733 2918 paupertatis,
756 2841 963 2920 simplicitatis,
984 2840 1104 2918 pietatis
1127 2844 1243 2903 simule-

123 2942 204 3002 tione
226 2944 397 3021 tnrpissime
419 2961 558 3022 quaeque
581 2947 672 3020 etque
694 2943 936 3004 inhonestissime
951 2943 1092 3004 fecerent
1137 2946 1244 3023 Iteqnc

123 3063 192 3104 cum
216 3045 387 3122 aequalium
408 3045 528 3123 ingenia
551 3045 588 3104 ad
614 3046 728 3122 priseos
751 3046 817 3106 illos
833 3045 961 3121 Cynicos
976 3048 1244 3123 repraesentandos

126 3147 175 3206 vix
199 3151 373 3225 comparate
395 3165 460 3208 esse
482 3150 646 3226 reputaret,
669 3149 740 3208 nihil
755 3149 861 3213 melius
878 3154 907 3208 et
922 3149 1106 3210 fructuosius
1120 3152 1246 3226 putabat

124 3267 214 3325 qnam
237 3248 442 3326 voluptatibus
472 3267 551 3326 quae
580 3248 790 3310 satisfacerent
820 3250 957 3312 sensibus
988 3269 1043 3310 nos
1073 3252 1191 3312 tradere
1214 3256 1245 3313 et

124 3356 227 3414 cetera
263 3370 444 3429 quocunque
478 3351 565 3412 modo
599 3351 720 3412 fortune
753 3353 870 3413 tulisset
902 3354 976 3413 nihil
1010 3373 1123 3414 curere.
1178 3354 1245 3430 Quo

124 3452 237 3514 fectum
269 3458 315 3513 est
347 3458 381 3514 nt
414 3455 490 3515 idem
524 3453 676 3514 Lucienus
709 3456 872 3532 Epicurum
906 3473 1019 3515 summe
1052 3459 1245 3518 veneratione

125 3559 360 3632 prosequeretur
395 3559 426 3615 et
459 3556 625 3618 Stoicorum
660 3557 739 3616 illam
774 3541 945 3616 ἀπάθειαν
979 3559 1064 3618 cuius
1097 3560 1246 3637 principie

124 3658 183 3717 iem
217 3656 335 3734 Cynicis
367 3657 493 3736 probata
525 3675 591 3718 esse
628 3658 830 3719 credebantur
864 3658 1095 3723 commendaret.
1145 3661 1245 3738 Atque

126 3759 413 3837 praestantissimum
428 3759 506 3820 illius
523 3745 690 3830 ἀπαθείας
705 3761 874 3839 exemplum
890 3762 1047 3838 proposuit
1063 3764 1247 3842 Menippum,

126 3862 177 3940 qui
208 3880 275 3921 cnm
305 3880 399 3923 senex
420 3863 512 3922 vitem
545 3862 710 3940 simplicem
732 3868 763 3924 et
785 3881 857 3924 vere
880 3862 1037 3937 liberam1)
1065 3869 1169 3942 egeret
1197 3885 1246 3927 res

126 3969 267 4025 externas
288 3982 413 4040 prorsus
441 3963 607 4026 reiciendas
637 3983 703 4026 esse
726 3966 867 4026 censebat
889 3965 1119 4045 aequaliumqne
1141 3987 1247 4042 mores,

126 4067 271 4145 instituta,
292 4066 404 4143 placita
426 4065 465 4126 ed
489 4065 637 4126 ludicrum
659 4085 785 4129 examen
808 4067 944 4128 vocabat.
987 4066 1094 4130 Senem
1118 4069 1248 4149 quidem,

215 4299 236 4364 ¹)
253 4296 282 4349 in
299 4294 379 4350 hlort
393 4295 465 4351 Dial.
485 4301 554 4366 22‚3
573 4297 674 4351 dicitnr
693 4291 852 4369 ἐλεύθερος
871 4290 997 4370 ἀκριβῶς
1014 4290 1152 4364 κούδενὸς
1169 4291 1248 4371 αὐτῷ

124 4377 217 4452 μέλει.

1006 4484 1044 4537 2*
