3052 5036
168 417 337 502 ,ιι

260 591 278 651 i.
301 611 326 652 e.
355 591 497 653 divitibus
535 591 695 654 solvendas
730 611 797 654 esse
836 592 917 672 apud
952 593 1071 657 inferos.
1085 593 1107 670 ¹)
1162 598 1208 660 Ex
1239 598 1381 661 librorum

262 694 468 771 Menippornm
491 694 641 756 indicibus
662 694 740 756 effici
763 714 823 757 non
847 701 946 775 potest
969 715 1070 777 reges,
1093 702 1253 780 tyrannos,
1275 701 1383 763 diuites

261 797 299 856 ab
322 814 358 857 eo
379 797 482 857 irrisos
505 815 584 858 esse:
607 801 738 858 attamen
761 817 816 876 pro
840 803 923 860 certo
947 799 1156 863 affirmaverim
1184 806 1304 864 veteres
1326 803 1383 880 Gy·

263 898 347 960 nicos
369 899 420 978 qni
442 917 475 960 re
498 917 571 961 vera
594 899 759 979 simplicem
782 905 813 961 et
833 900 981 980 frugalem
1004 902 1094 962 vitam
1117 903 1273 981 degebant,
1296 905 1384 966 valde

262 1001 433 1078 indignatos
462 1000 554 1064 luisse
583 1005 608 1063 si
640 1019 717 1081 quos
745 1006 875 1083 superbe
903 1006 1057 1082 effuseque
1085 1005 1221 1068 viventes
1242 1007 1385 1069 videbant

262 1122 359 1181 neque
381 1105 504 1165 retineri
526 1107 659 1182 potuisse
689 1107 762 1184 quin
791 1124 843 1168 eos
869 1107 922 1184 qni
943 1107 1033 1168 rebus
1057 1109 1182 1168 maxime
1204 1110 1385 1188 spernendis

251 1206 356 1266 ¹dediti
386 1212 486 1268 essent
516 1206 606 1268 dente
634 1212 668 1268 ut
697 1210 738 1269 ita
768 1209 864 1268 dicam
895 1208 1038 1270 maledico
1066 1214 1233 1287 carperent.
1278 1211 1386 1288 Itaque

264 1308 370 1368 mirum
391 1309 528 1386 profecto
551 1314 636 1382 esset,
660 1311 684 1370 si
704 1311 862 1388 Menippus
878 1312 1033 1372 stultitiam
1057 1330 1159 1372 corum
1183 1313 1235 1390 qui
1257 1313 1386 1386 divitias,

262 1413 381 1492 laudes,
411 1414 541 1474 honores
563 1413 745 1492 appetebant
773 1433 832 1474 non
861 1415 1090 1492 exagitavisset‚
1112 1416 1287 1493 praesertim
1317 1434 1386 1476 cum

262 1515 420 1576 Lucienus
444 1517 616 1594 Menippum
639 1517 675 1577 iis
696 1516 895 1595 potissimum,
923 1518 975 1593 qui
998 1517 1058 1577 vivi
1082 1516 1193 1578 divitiis
1215 1521 1245 1578 et
1267 1517 1388 1580 honori·

265 1620 322 1679 bus
345 1620 452 1680 ceteris
473 1620 694 1697 praestiterant,
716 1621 841 1680 mortuis
862 1619 1034 1680 irridentem
1057 1619 1154 1680 faciat

306 1815 311 1824 ³
351 1737 486 1798 Vidimus
516 1739 609 1815 igitur
631 1738 803 1817 Menippum
834 1757 935 1799 senem
962 1739 992 1798 in
1015 1739 1209 1816 philosophos
1235 1741 1389 1818 aequales,

265 1843 295 1901 in
325 1840 398 1901 deos
429 1841 661 1918 aequaliumque
692 1841 854 1917 religiones
883 1842 1064 1919 populares,
1093 1841 1223 1919 deniqne
1252 1843 1283 1902 in
1312 1841 1388 1902 divi-

264 1943 372 2003 tiarum
395 1947 487 2021 atquc
510 1942 656 2004 honorum
686 1942 786 2004 studia
814 1944 964 2004 invectum
992 1961 1067 2003 esse.
1111 1943 1216 2020 ltaque
1240 1941 1320 2004 haud
1343 1943 1388 2004 ita

265 2046 371 2107 mirum
403 2045 553 2107 videbitur
585 2045 665 2123 qnod
696 2047 837 2124 aequales
868 2047 1066 2108 acerbissimis
1088 2045 1205 2106 facetiis
1227 2065 1294 2106 enm
1317 2065 1387 2107 con-

265 2149 515 2225 tumeliarumque
547 2149 660 2208 aculeis
692 2148 951 2225 persequebantur
983 2152 1013 2208 et
1042 2153 1075 2208 ut
1108 2149 1256 2208 hominem
1287 2165 1387 2208 corrn-

265 2250 440 2328 ptissimum,
463 2251 548 2311 cuius
570 2251 646 2311 ratio
665 2249 787 2312 vivendi
810 2250 897 2310 valde
921 2249 1107 2327 discreparet
1128 2251 1166 2310 ab
1185 2250 1278 2327 ipsius
1293 2249 1387 2328 plrilo-

265 2352 371 2430 sophia
410 2358 502 2429 atqua
540 2351 714 2430 disciplina,
749 2352 983 2430 descripserunt.
1040 2351 1106 2425 Quo
1137 2350 1249 2412 iactum
1279 2356 1325 2412 est
1355 2357 1388 2412 ut

265 2456 352 2514 etiam
376 2456 528 2531 Diogenes
550 2456 688 2515 Laertius
710 2454 785 2515 nihil
809 2455 866 2515 nisi
888 2455 1023 2531 iniquum
1053 2453 1090 2513 de
1112 2472 1147 2515 eo
1170 2454 1309 2515 referret:
1333 2473 1388 2515 nos

267 2558 403 2620 omnibns
426 2558 601 2618 testimoniis
624 2557 798 2618 examinatis
827 2561 917 2635 atque
946 2555 1115 2617 diiudicatis
1145 2557 1232 2617 aliam
1254 2557 1386 2634 Menippi

263 2660 421 2738 imaginem
445 2659 656 2736 expressimus.

352 2779 514 2839 Videamus
531 2797 610 2839 nunc
634 2798 712 2856 quae
738 2778 850 2838 fuerint
865 2779 998 2856 Menippi
1021 2777 1132 2854 scripta
1147 2796 1285 2862 quaeque
1308 2770 1387 2854 frag·

264 2885 365 2942 menta
395 2882 432 2941 ad
455 2886 588 2942 nostram
618 2884 744 2940 aetatem
767 2880 968 2956 pervenerint.
1013 2881 1059 2939 Ex
1087 2879 1123 2939 iis
1153 2886 1252 2940 autem
1274 2880 1325 2956 qni
1349 2879 1387 2940 de

265 2985 383 3061 scriptis
405 2984 469 3044 elus
485 2985 627 3045 certiores
650 3002 705 3045 nos
732 2983 847 3044 faciunt
874 2984 1001 3060 primum
1017 2982 1183 3058 Diogenem
1200 2979 1387 3056 Laertiumlt

265 3102 361 3164 pono:
383 3071 457 3145 τὰδ’
480 3066 631 3146 οὖντοῦ
654 3081 805 3146 Κυνικοῦ
828 3079 938 3158 βιβλία
962 3077 1031 3143 ἐστὶ
1055 3077 1229 3162 δεκατρία,
1251 3079 1388 3156 Nemota,

265 3181 444 3269 Διαθῆκαι,
475 3174 661 3250 Ἐπιστολαὶ
693 3181 960 3266 κεκομψευμέναι
997 3172 1064 3245 ἀπὸ
1101 3183 1164 3244 τοῦ
1194 3183 1263 3244 τῶν
1276 3263 1278 3268 Ι
1293 3181 1388 3245 θεῶν

264 3277 464 3371 προσώπου,
488 3283 577 3371 Πρὸς
593 3281 673 3361 τούς
696 3276 858 3366 φυσικοὺς
878 3284 933 3347 καὶ
947 3277 1202 3368 μαθηματικοὺς
1218 3281 1272 3345 καὶ
1288 3305 1388 3366 γραμ-

265 3384 426 3473 ματικοὺς
449 3388 505 3451 καὶ
528 3384 629 3472 γονὰς
651 3377 851 3470 Ἑπικούρου
873 3386 929 3450 καὶ
952 3376 1010 3462 τὰς
1034 3384 1307 3469 θρησκευομένας
1328 3372 1387 3448 ὑπ’

266 3483 380 3556 αὐτῶν
403 3485 552 3569 εἰκάδας,
583 3491 639 3555 καὶ
664 3483 783 3555 τᾶλλα.
834 3497 880 3556 De
908 3494 1092 3572 argumentis
1119 3497 1221 3554 ‘autem
1244 3492 1386 3554 librorum

267 3600 451 3677 singulorum
490 3619 556 3660 cum
585 3599 659 3660 nihil
695 3599 821 3660 relatum
854 3599 891 3658 sit
921 3597 1094 3658 coniectura
1122 3595 1260 3672 colligere
1291 3613 1388 3674 pauca

266 3721 434 3781 possumus.

353 3824 454 3898 Atque
470 3823 601 3897 Necyias
624 3820 715 3880 index
737 3819 819 3879 lrand
841 3818 932 3878 dubie
954 3817 1099 3893 repetitus
1121 3820 1167 3876 est
1181 3816 1218 3875 ab
1234 3815 1388 3894 Odysseae

267 3925 444 3986 Homericae
466 3924 542 3984 libro
565 3922 739 3999 undecimo,
761 3938 859 3996 neque
881 3919 1017 3995 profecto
1049 3938 1066 3978 a
1089 3937 1161 3979 vero
1184 3917 1387 3977 aberrabimus

268 4027 292 4086 si
327 4027 447 4102 dialogo
482 4018 660 4093 Μένιππος
694 4009 714 4103 ἢ
745 4016 997 4100 Νεκυομαντεὶα
1029 4022 1081 4098 qui
1112 4019 1238 4080 Luciani
1270 4020 1387 4080 nomine

268 4129 365 4190 fertur
394 4110 519 4205 prorsus
547 4125 711 4187 imitatione
741 4142 914 4202 expressam
945 4142 1009 4184 esse
1031 4123 1177 4199 Necyiam
1200 4121 1387 4199 Menippeam

269 4260 470 4270 ———---—

356 4327 376 4393 ¹)
394 4323 523 4393 Necyom.
546 4326 584 4378 ll.

354 4412 378 4478 2)
396 4415 420 4480 ο,
442 4414 496 4464 ror.
