3052 5036
1247 427 1265 488 7

143 595 303 660 Gadarene
319 602 376 676 vel,
392 603 426 660 ut
440 600 472 661 C.
483 601 674 660 Hermannue
685 598 716 677 ¹),
731 595 928 678 Harleeiue2),
943 599 1148 659 Bernhardiue
1159 597 1194 675 ³),
1209 597 1266 672 alil,

143 701 325 777 Meleagrum
348 701 537 762 Gadarenum
561 702 722 780 Cynicum,
744 702 876 780 Menippi
899 702 1043 776 amicum,
1072 719 1090 760 a
1113 701 1265 778 Meleagro

142 802 316 881 Gadarene,
346 803 539 880 anthologiae
561 808 702 876 auctore,
734 803 884 864 diversum
907 821 973 864 eene
1003 821 1057 881 pro
1080 807 1164 864 certe
1185 802 1266 864 ailin-

141 911 231 966 mant.
281 905 369 981 Quod
401 906 520 983 quidem
551 903 592 966 illi
622 906 705 968 nulla
735 907 796 966 alia
822 925 855 967 re
878 906 960 967 ducti
983 910 1154 967 statuerunt
1176 924 1264 984 quam

141 1007 223 1085 qued
239 1009 409 1087 Menippum
432 1013 462 1070 et
477 1010 658 1086 Meleagrum
681 1009 824 1086 aequales
846 1027 907 1070 non
929 1009 1020 1070 iuiaae
1043 1009 1264 1071 intellexerant.

141 1112 331 1173 Hermannue
361 1111 481 1188 quidem
511 1131 577 1172 cum
609 1131 644 1172 ea
671 1130 751 1190 quae
774 1111 926 1189 Diogenes
948 1111 987 1172 de
1008 1113 1129 1190 (lynicie
1152 1110 1266 1172 rettulit

140 1217 373 1292 amputaret,
402 1214 654 1292 anthologiaeque
683 1219 834 1275 auctorem
866 1215 967 1275 multia
995 1213 1082 1274 annia
1108 1219 1179 1293 poet
1204 1214 1264 1274 Me-

140 1317 265 1395 nippum
286 1315 379 1378 ieiuno
402 1316 494 1395 plane
517 1317 722 1395 perspexisset
744 1317 774 1377 id
797 1317 878 1393 qued
901 1317 990 1377 modo
1013 1315 1076 1376 dixi
1102 1316 1263 1377 discrimen

139 1419 220 1480 fecit.
262 1419 343 1481 Nolo
366 1419 512 1480 hocloco
534 1418 635 1480 dicere
657 1419 703 1479 de·
718 1416 893 1492 Buretto⁴)‚
923 1420 976 1497 qui
997 1419 1182 1496 Meleagrum
1204 1419 1264 1496 epi-

140 1527 339 1598 grammatum
362 1526 515 1583 auctorem
538 1522 594 1582 rub
616 1521 722 1599 primia
736 1520 902 1582 Alexandri
924 1522 1149 1583 successoribus
1171 1521 1264 1581 iniere

139 1624 298 1702 existimat,
321 1629 351 1684 et
374 1623 412 1684 do
434 1621 608 1696 Martinol),
630 1624 682 1702 qui
705 1624 761 1684 nub
783 1624 907 1686 Seleuco
929 1626 979 1700 lV,
1000 1623 1141 1684 Antiochi
1162 1624 1264 1700 Magni

139 1725 215 1804 filio,
237 1726 374 1788 floruieee
397 1743 465 1787 eum
488 1727 657 1803 auspicatur
679 1729 733 1804 ent,
755 1744 844 1804 quam
868 1727 989 1804 quidem
1012 1725 1181 1804 opinionem
1204 1743 1263 1786 am-

138 1827 220 1907 plexi
241 1831 312 1889 anet
334 1829 423 1889 etiam
445 1825 617 1900 Kletniuai)
640 1831 672 1888 et
697 1826 902 1901 Salmasiual).
946 1828 1057 1889 (lenire
1086 1846 1175 1905 quam
1199 1845 1264 1887 een·

138 1931 262 1991 tentiam
293 1931 456 1992 rectissime
490 1927 689 2003 Vavaerori),
712 1928 901 2008 Reiekiuei),
931 1927 1101 2008 Saxiuew),
1123 1929 1264 2008 permulti

138 2033 189 2094 alii
217 2031 390 2094 indicarent
425 2033 609 2111 Meleagrum
647 2033 803 2110 aequalem
839 2032 932 2094 suinae
963 2033 1087 2093 Seleuco
1111 2033 1167 2108 VI,
1198 2033 1263 2110 regi

138 2135 246 2213 Syriae
267 2136 386 2209 ultime,
414 2135 445 2196 id
476 2135 556 2214 qued
579 2135 652 2196 satie
675 2139 861 2214 apparetur
883 2153 1014 2212 prooem.
1037 2154 1096 2196 cor.
1120 2135 1264 2212 Meleagri

139 2238 233 2299 Vatia.
254 2238 320 2299 ced.
341 2257 371 2316 p.
386 2243 442 2301 82τ
464 2223 661 2318 Γαδαμηνός
682 2236 735 2311 (ee
757 2231 962 2317 Μελέαγρος)
992 2217 1034 2318 ἦν
1059 2225 1106 2309 ὡς
1134 2229 1172 2296 ἐν
1192 2243 1264 2307 τοῖς

142 2331 338 2420 ἔμπροσθεν
369 2325 470 2412 αὐτὸς
500 2331 625 2399 ἑαυτοῦ
654 2330 912 2420 ἐμνημόνευσεν·
943 2329 1093 2419 ἤκμασεν
1118 2332 1174 2399 ἐπὶ
1202 2337 1263 2399 Σε-

142 2431 265 2504 λεύκου
286 2439 350 2504 τοῦ
372 2431 524 2521 ἐσχάτου.
568 2442 661 2506 Ouiae
683 2442 791 2505 acholii
811 2441 1070 2504 fidemlacobeiee
1083 2439 1119 2510 ¹¹)
1142 2447 1263 2506 secutus

140 2546 324 2623 Meleagrum
353 2547 432 2607 inter
453 2546 647 2624 Antipatrum
672 2545 827 2606 Sidonium
855 2549 887 2606 et
907 2545 1113 2606 Philodemnm
1135 2548 1264 2622 poetam,

140 2649 158 2708 i.
172 2666 198 2709 e.
213 2648 331 2708 intera
347 2646 411 2708 iere
426 2647 507 2708 OXX
521 2650 552 2708 et
567 2648 593 2706 L
608 2667 635 2708 a.
649 2645 719 2709 Cirr.
734 2667 773 2725 n.‚
795 2646 888 2708 fuieee
904 2648 977 2708 satia
992 2646 1123 2708 dilueide
1143 2647 1263 2708 demon-

140 2751 255 2811 etravit.
301 2746 455 2829 Antipatri
484 2748 605 2828 quidem
628 2748 741 2811 Sidonii
765 2753 865 2822 aetas,
888 2751 939 2827 qui
961 2749 1021 2810 fuit
1042 2750 1178 2826 aequalia
1198 2749 1264 2811 iere

141 2851 314 2928 oduario
329 2852 436 2915 Catule
447 2850 494 2930 ¹²),
516 2871 605 2931 quem
628 2870 655 2913 a.
679 2853 732 2914 011
756 2852 907 2913 consulem
928 2851 1024 2912 iuieee
1046 2855 1181 2930 constat,
1202 2870 1262 2911 nen

140 2955 227 3017 valde
258 2959 373 3018 remota
401 2973 468 3018 erue
494 2958 595 3034 puteat
625 2974 644 3014 a
673 2954 816 3032 Meleagri
853 2955 1054 3033 temporibus,
1087 2973 1156 3016 eum
1186 2954 1264 3015 inter

226 3241 248 3306 ¹)
273 3236 320 3294 De
339 3241 392 3292 eat.
410 3236 491 3292 Rom.
509 3241 625 3292 auclore
643 3253 677 3294 ex
696 3237 834 3292 uenientia
850 3238 917 3294 Hor.
935 3253 1014 3294 eernr.
1036 3241 1164 3306 11066.
1182 3253 1209 3306 p.
1222 3240 1262 3292 44.

224 3341 248 3406 ¹)
264 3352 308 3408 up.
326 3337 435 3394 Fabrie.
453 3336 527 3394 Bibl.
545 3337 592 3394 Gr.
611 3335 660 3408 lv,
678 3356 705 3410 p.
718 3343 776 3394 418.

225 3443 248 3509 ³)
266 3441 419 3498 Grundriae
437 3440 486 3497 der
503 3441 607 3510 griech.
626 3442 693 3498 Litt.
711 3442 733 3511 l,
751 3459 779 3512 p.
792 3446 849 3497 642.

225 3547 248 3613 ¹)
266 3543 345 3600 Mem.
364 3543 399 3599 de
416 3541 525 3600 l’Aced.
546 3544 596 3600 dee
615 3541 702 3601 luecr.
721 3551 785 3602 eom.
798 3544 875 3614 XIX,
892 3561 919 3614 p.
935 3549 993 3600 441.

225 3648 247 3715 ⁵)
264 3646 355 3716 Epist.
374 3647 391 3702 l.
403 3645 453 3716 IV,
471 3661 515 3716 ep.
528 3652 551 3700 e.
570 3653 636 3702 tom.
648 3647 671 3716 Ι,
687 3662 715 3716 p.
731 3652 786 3702 187.
803 3643 937 3715 (Amalel.
950 3648 1032 3714 1138).

225 3749 249 3813 ⁸)
266 3746 375 3816 Preleg.
394 3747 430 3802 ad
447 3746 623 3816 Homonyma
641 3747 732 3818 Hylen
749 3746 821 3802 latr.
839 3764 866 3817 p.
879 3752 903 3802 4.

223 3852 248 3918 ¹)
264 3847 384 3904 Ptaelat.
402 3849 439 3904 ad
456 3848 540 3905 Siren
561 3849 658 3920 Epigr.
676 3866 704 3920 p.
717 3854 742 3905 7.

224 3936 248 4000 ⁸)
266 3933 302 3990 de
319 3933 414 4004 Epigr.
432 3950 457 3990 e.
472 3939 511 3989 16.

223 4021 248 4087 ¹)
264 4018 350 4074 Melit.
368 4023 444 4089 poet.
462 4014 582 4076 Anthol.
600 4035 627 4089 p.
641 4022 699 4076 232.

213 4105 245 4172 ¹⁰)
262 4103 403 4160 Onomaat.
421 4104 462 4160 lit.
480 4105 503 4175 Ι,
520 4121 547 4175 p.
563 4107 619 4160 142.

215 4209 249 4273 ¹¹)
267 4205 377 4275 Preleg.
394 4206 431 4261 ad
448 4205 565 4262 Anthel.
583 4207 633 4262 Gr.
649 4212 715 4262 tem.
737 4207 788 4277 Vl,
808 4225 836 4277 p.
856 4205 981 4262 xxxix
999 4223 1040 4277 eq.
1075 4205 1110 4262 oi.
1131 4207 1166 4261 G.
1187 4205 1262 4262 Wei-

137 4291 226 4361 gaud:
245 4290 289 4348 Dc
306 4288 471 4362 Antipatrle
488 4291 603 4347 Sidonio
619 4299 650 4350 et
666 4291 912 4350 Thessalonicenel
929 4309 956 4362 p.
970 4294 1001 4344 22
1019 4290 1146 4360 (Vraliul.
1161 4293 1246 4356 18411).

214 4396 245 4460 ¹²)
264 4393 321 4451 (lie.
340 4393 375 4451 de
393 4400 461 4450 orat.
480 4393 534 4464 lll,
546 4399 586 4451 50.
