3052 5036
214 1417 253 1476 M.
274 1416 408 1478 Terentii
431 1415 576 1476 Varronis
604 1421 773 1478 saturarum
800 1418 1026 1496 Menippearum
1055 1417 1200 1495 reliquias
1223 1437 1248 1477 a,

126 1520 156 1604 lu.
173 1537 194 1578 s.
210 1519 306 1596 deV
328 1519 508 1580 Franciscus
537 1517 686 1578 Oehlcrus
717 1525 748 1578 et
769 1537 794 1578 a.
817 1519 899 1579 LXV
930 1519 1102 1579 Alexander
1133 1519 1250 1580 Riesius

129 1620 316 1696 collegerunt
337 1622 428 1697 atque
451 1620 619 1698 ediderunt,
642 1621 801 1696 prooemiis
821 1621 931 1708 additis
946 1621 984 1680 de
1000 1621 1114 1696 origine
1130 1625 1249 1681 saturae

128 1723 307 1798 Menippeas
338 1725 367 1782 ct
399 1722 436 1781 de
469 1721 532 1782 vita
561 1722 741 1798 scriptisque
775 1721 909 1800 Menippi
947 1721 1061 1798 Oynici.
1112 1723 1249 1782 Eundem

126 1825 301 1902 Menippum
324 1825 492 1884 aLuciano
514 1841 686 1900 cupressum
704 1842 769 1884 esse
786 1828 913 1884 constat.
956 1823 1014 1884 Sed
1031 1843 1097 1884 cum
1121 1825 1249 1885 Luciani

127 1926 211 1986 libris
233 1925 373 2003 perlectis
394 1925 432 1986 ad
456 1923 586 1986 Oehleri
601 1930 630 1986 et
647 1926 738 1986 Riesii
762 1927 1026 1986 commentationes
1049 1925 1249 2002 confugissem

127 2032 163 2089 ιιι
185 2027 223 2087 de
243 2027 357 2104 Oynico
379 2028 441 2100 illo,
463 2028 563 2105 qualis
586 2027 684 2106 luerit,
705 2028 826 2105 quaudo
850 2029 966 2106 vixerit,
988 2046 1066 2105 qnae
1089 2029 1250 2106 qualisque

126 2131 291 2208 scripserit,
313 2131 423 2192 certior
437 2129 538 2190 fierem
554 2161 597 2170 -
612 2130 739 2192 sustinet
754 2132 832 2191 enim
848 2129 930 2208 apud
945 2131 1110 2190 Lucienum
1127 2150 1250 2207 gravem

126 2251 299 2311 personam,
333 2263 375 2272 *-
407 2233 551 2293 intellexi'
581 2252 618 2294 ea
651 2251 729 2310 quse
760 2234 921 2294 memoriae
954 2233 1074 2309 prodita
1110 2237 1180 2293 sunt
1213 2233 1251 2293 de

127 2335 269 2412 Menippo
292 2353 352 2394 non
375 2335 448 2396 satis
471 2339 611 2394 accurate
638 2335 678 2396 ibi
702 2338 829 2396 tractate
851 2352 925 2395 esse.
970 2336 1076 2411 ltaque
1098 2353 1158 2394 non
1182 2354 1252 2395 con-

127 2440 230 2498 tentus
252 2454 366 2498 summa
388 2437 669 2498 commentationum
693 2437 825 2508 illarum,
848 2437 1022 2513 praesertim
1045 2455 1111 2497 cum
1134 2442 1252 2498 ceterae

128 2557 251 2616 quoque
273 2539 463 2616 quaestiones
486 2538 524 2599 de
547 2538 689 2616 Menippo
713 2539 837 2616 eiusque
860 2537 978 2615 scriptis
993 2537 1146 2599 institutae
1162 2540 1252 2598 maxi·

128 2659 207 2702 mam
237 2645 364 2717 partem
382 2641 445 2702 sive
476 2658 599 2700 mancae
628 2646 729 2702 essent
750 2641 814 2702 sive
836 2640 970 2716 vitiosae,
993 2659 1192 2717 quaecunque
1215 2642 1253 2702 de

127 2744 181 2803 illo
201 2743 385 2804 aretaribus
407 2743 581 2805 auctoribus
603 2747 705 2804 essent
725 2742 836 2803 tradita
858 2742 999 2818 colligere
1021 2745 1111 2819 ntque
1133 2745 1253 2821 penitus

127 2843 314 2923 perscrutari
328 2835 458 2908 animum
482 2845 596 2920 induxi,
619 2851 652 2905 ut
673 2844 788 2921 effigies
802 2845 1021 2922 exprimeretur
1043 2863 1133 2922 quam
1150 2845 1253 2907 diluci-

128 2947 259 3008 dissima.
302 2948 342 3007 Et
368 2945 519 3023 proiecto!
550 2965 660 3024 operae
690 2951 736 3008 est
763 2948 891 3024 pretium
919 2947 1088 3008 accuratius
1109 2966 1254 3024 quaerere

129 3049 169 3109 de
185 3049 245 3108 vita
259 3049 425 3126 studiisque
440 3049 499 3110 viri
522 3051 573 3126 qui
597 3067 706 3125 magna
728 3050 809 3127 apud
828 3052 946 3110 veteres
969 3050 1147 3127 auctoritate
1162 3049 1254 3110 fuisse

129 3151 251 3211 videtur
279 3154 423 3228 tantaque
452 3151 553 3212 floruit
575 3152 735 3228 dignitate,
758 3157 791 3212 ιιι
815 3153 909 3212 Varro
919 3149 954 3236 ¹)¹
969 3155 1137 3212 saturarum
1161 3151 1254 3229 quod·

129 3253 199 3314 dam
221 3271 317 3329 genus
339 3253 376 3314 ab
399 3271 435 3313 eo
457 3253 635 3331 appellaret.
679 3254 723 3312 Ex
746 3253 945 3328 scriptoribus
967 3256 1066 3314 autem
1089 3255 1140 3330 qui
1151 3253 1254 3330 Cynici

130 3355 213 3416 illius
233 3355 326 3417 vitam
348 3356 507 3416 memoriae
530 3355 750 3418 mandaverunt
764 3356 917 3432 Diogenes
938 3355 1078 3426 Laertius
1088 3353 1113 3428 ²)
1136 3356 1254 3433 potissi·

130 3475 212 3518 mum
234 3456 440 3534 respiciendus
462 3461 515 3536 est,
538 3475 718 3534 quemqnam
733 3458 764 3516 in
786 3457 821 3518 iis
837 3457 928 3518 rebus
943 3474 1019 3533 quas
1033 3456 1118 3519 nobis
1133 3457 1256 3518 tradidit

129 3576 246 3620 summa
267 3559 365 3620 mutio
380 3563 471 3636 atque
494 3559 650 3636 diligentia
672 3557 842 3620 adhibenda
857 3563 910 3619 est.
953 3558 1056 3636 Atque
1075 3559 1105 3619 in
1122 3560 1255 3636 quinque

131 3661 234 3738 capita
260 3661 338 3722 hanc
362 3664 493 3724 nostram
522 3661 762 3724 dissertationem
785 3660 827 3720 ita
849 3659 987 3746 conterre
1011 3662 1073 3720 sive
1097 3660 1255 3738 dispertire

131 3763 244 3841 placet,
273 3767 307 3823 ιιι
337 3764 463 3839 primum
492 3763 657 3824 disseratur
694 3781 754 3840 quo
786 3765 920 3838 tempore
950 3762 1059 3824 vixerit
1088 3764 1258 3841 Menippus,

131 3863 243 3924 deinde
264 3883 325 3941 qua
340 3866 420 3926 ritae
443 3865 621 3928 condicione
643 3869 735 3942 atque
758 3864 880 3926 fortuna
900 3883 971 3927 usus
994 3866 1040 3942 sit,
1062 3868 1168 3943 postea
1183 3883 1256 3942 qua·

130 3966 211 4027 libus
233 3966 325 4026 fuerit
346 3969 495 4046 moribus,
525 3973 587 4028 tum
611 3985 687 4045 quos
710 3967 802 4027 libros
825 3967 993 4045 scripserit,
1014 3967 1144 4044 denique
1166 3985 1256 4044 quam

131 4067 259 4128 formam
281 4068 348 4129 libri
371 4070 537 4130 habuerint.

221 4250 241 4312 ¹)
259 4243 426 4302 cidellll.
441 4253 480 4316 18,
494 4253 521 4302 7:
550 4247 713 4318 Menippus,
739 4247 820 4302 cuius
843 4247 929 4302 libros
951 4247 987 4301 M.
1000 4246 1089 4301 Varro
1111 4247 1139 4299 in
1165 4243 1257 4299 satiris

133 4331 299 4483 malinii
307 4333 509 4471 e:t‚9;1uaswa:lii
529 4333 657 4404 Cynicas,
677 4333 738 4400 ipse
757 4331 881 4400 appellat
900 4331 1071 4402 Menippeas.

301 4457 343 4483 ,ι
395 4448 430 4456 ··
488 4460 493 4473 ι

1022 4519 1054 4570 1¹}
