3052 5036
253 384 392 454 12Ἰ

249 564 278 618 et
308 559 344 618 de
373 561 587 635 posterioribus
614 563 637 620 si
670 564 741 639 quid
772 567 929 625 memoriae
961 566 1141 644 prodidisset
1170 585 1230 626 una
1262 567 1366 626 saltem

250 664 359 722 mentio
383 663 420 722 ab
443 663 545 740 aliquo
568 683 670 724 eorum
694 669 743 743 qui
768 667 804 726 de
826 669 877 729 illo
893 670 1077 746 seripserunt
1099 668 1202 747 (atque
1226 673 1257 730 ut
1279 673 1368 728 antea

249 763 310 823 dixi
334 765 596 843 vigintiquinque,
620 786 678 827 non
702 773 735 828 ut
757 769 795 834 de
818 771 923 831 Dioele
946 790 1023 832 unns
1046 772 1197 853 Diogenes
1220 772 1367 842 Laertius,

166 871 175 898 ⁹
249 865 286 925 de
310 885 344 926 ee
368 867 561 940 rettulerunt)
585 869 664 929 laets
686 871 799 948 luisset,
822 891 888 932 eum
912 893 970 933 non
994 875 1035 933 ita
1057 875 1151 934 multo
1183 877 1252 950 post
1273 873 1366 950 Chry-

248 968 325 1044 sippi
347 973 481 1046 tempore
504 975 650 1031 mortuum
680 991 747 1034 esse
777 976 967 1035 statuendum
999 980 1052 1036 est.
1097 975 1249 1036 Floruisse
1276 975 1368 1051 igitur

248 1089 315 1130 enm
331 1089 356 1130 a.
372 1071 435 1131 lere
450 1071 617 1134 dex-ee
639 1075 793 1152 probabile
808 1076 937 1136 videtur.
982 1079 1046 1136 Alia
1070 1082 1167 1137 antem
1190 1081 1368 1154 argumenta

249 1191 360 1250 quaes
375 1174 546 1251 Lozynskio
564 1181 593 1235 et
616 1178 748 1238 Prellero
771 1179 808 1238 ad
831 1180 910 1239 hane
932 1179 1109 1240 sententiam
1134 1179 1367 1239 eonlirmendnm

249 1275 415 1336 ulier-untur
437 1277 586 1338 levissima
609 1283 687 1340 sunt.
731 1282 846 1340 Etenim
864 1281 1053 1358 Lonynskius
1077 1287 1141 1360 p.4
1164 1283 1205 1341 lte
1220 1281 1366 1342 disserere

247 1379 362 1453 pergit:
388 1380 439 1448 „ln
470 1381 671 1456 computanda
701 1383 764 1442 eins
787 1384 893 1443 aetatis
922 1385 1039 1444 ratione
1069 1383 1248 1444 adminiculo
1279 1383 1365 1443 etiam

247 1480 372 1539 inservit
394 1481 539 1542 Athenaei
553 1480 573 1550 1)
604 1482 816 1562 testimonium,
847 1505 946 1563 aquo
980 1486 1162 1546 Gallimsehii
1192 1468 1366 1562 cognomine

248 1583 383 1654 effertur,
422 1588 582 1660 propterea
620 1585 702 1662 qnod
741 1587 914 1647 Galllmaehi
954 1589 1044 1648 luerit
1079 1587 1269 1664 diseipnlus.“
1322 1588 1367 1647 Ex

248 1685 306 1745 hoe
337 1689 435 1744 aulem
466 1688 642 1764 cognomine
672 1688 745 1748 nihil
775 1690 812 1748 de
848 1694 981 1768 tempore
1011 1692 1168 1770 Hermippi
1198 1689 1366 1750 definiendo

248 1787 398 1865 sequitur,
421 1807 487 1847 erum
511 1789 656 1866 perfaeile
680 1792 766 1850 etiam
790 1782 1029 1870 Καλλιμάχειος
1059 1794 1206 1870 appellari
1236 1791 1369 1870 potuerit

247 1893 372 1966 propter
394 1883 488 1948 Βίων
511 1909 649 1968 magnum
673 1893 747 1953 illud
779 1897 809 1953 et
839 1896 992 1972 egregium
1016 1912 1104 1971 opus,
1135 1895 1165 1953 in
1196 1913 1257 1971 quo
1280 1893 1367 1954 Gelli·

248 1991 343 2051 maehi
368 1991 465 2052 studia
495 1994 661 2055 aemulatus
684 2001 728 2056 est
758 2001 828 2056 ante
850 1997 880 2056 in
912 1998 969 2058 hoe
997 1996 1232 2074 bibliogrspbieo
1255 2013 1367 2073 genere

247 2094 419 2154 clarissima.
463 2095 631 2173 Seripseret
654 2100 731 2157 enim
751 2099 951 2159 Callimachus
974 2098 1052 2160 OXX
1076 2099 1182 2158 libros:
1205 2086 1367 2156 Πινάκων

247 2193 318 2256 τῶν
341 2188 377 2256 ἐν
407 2186 498 2274 πάσῃ
527 2193 662 2279 παιδείᾳ
693 2188 958 2277 διαλαμψάντων
980 2194 1036 2258 καὶ
1062 2181 1111 2258 ὧν
1132 2193 1365 2280 Ισυνέγραψαν.

246 2301 353 2377 Neque
378 2319 443 2360 enm
467 2297 635 2374 menes-0²)
660 2302 752 2379 faeie,
784 2303 836 2379 qul
862 2302 943 2379 qued
973 2304 1002 2362 in
1027 2303 1153 2380 lllymel.
1175 2321 1272 2379 magn.
1294 2321 1316 2361 s
1338 2319 1367 2361 r.

237 2385 392 2479 Άιιάμεια
415 2422 443 2479 p.
461 2407 581 2480 118,11
606 2421 654 2463 res
683 2402 936 2465 sedunens
966 2407 1002 2465 ab
1033 2406 1196 2482 Hermippo
1227 2406 1367 2464 narratae

246 2504 452 2577 inveniuntur,
481 2506 511 2565 in
543 2505 589 2565 his
612 2507 685 2582 ipsis
717 2505 807 2566 rebus
834 2507 992 2567 memoriae
1024 2507 1188 2584 prodendis
1214 2510 1368 2566 versatum

246 2608 328 2667 illum
352 2626 416 2667 esse
439 2626 465 2668 a.
481 2607 575 2668 duur
606 2609 717 2668 statuit.
761 2610 826 2687 Ego
850 2609 971 2686 quidem
994 2627 1030 2669 ex
1054 2627 1089 2670 ea
1120 2610 1208 2670 modo
1230 2627 1263 2668 re
1285 2607 1367 2686 qnod

247 2709 332 2768 Vitas
342 2709 393 2768 ille
404 2709 547 2785 produxit
560 2709 703 2786 usquead
716 2710 876 2789 Chrysippi
890 2715 1012 2772 mortem
1025 2711 1121 2770 efficio
1132 2729 1158 2770 s.
1173 2710 1238 2770 lere
1250 2710 1368 2772 CCX—-

248 2811 294 2873 CO
326 2829 392 2871 eum
423 2809 543 2870 vixisse.
587 2813 633 2870 De
663 2811 721 2872 tide
751 2817 848 2874 autem
881 2817 972 2890 atque
1001 2813 1179 2872 auetoritnte
1210 2812 1367 2889 Hermippi

248 2910 469 2990 lleinersius3),
500 2912 692 2986 Lunaeinsll,
724 2915 774 2975 alii
797 2916 920 2975 multum
952 2914 1150 2975 detraxerunt
1179 2919 1209 2974 et
1239 2914 1288 2973 vel
1311 2915 1367 2973 Le·

248 3013 438 3094 nynshius⁵)'‚
468 3015 646 3076 fortissimus
676 3020 807 3078 ueterum
839 3018 903 3078 eins
933 3015 1090 3099 defensor,
1120 3032 1300 3093 quamquam
1329 3014 1367 3075 de

247 3117 396 3178 industria
418 3137 521 3178 verum
545 3138 611 3179 eum
641 3120 806 3179 oeeultasse
836 3137 960 3196 prorsus
987 3121 1090 3196 negat,
1120 3121 1217 3178 tamen
1249 3135 1367 3178 errores

248 3239 314 3280 eum
337 3220 517 3281 commisisse
539 3213 685 3282 coneedit.
730 3223 836 3298 Itaque
867 3221 948 3299 qnod
971 3224 1092 3298 praeter
1121 3219 1195 3280 alios
1217 3220 1367 3296 Diogenes

247 3323 385 3383 Laertius
413 3342 533 3402 quoque
563 3343 600 3384 ex
634 3341 669 3383 eo
693 3325 812 3401 saepius
839 3341 887 3382 res
909 3322 1044 3400 preferat
1065 3326 1118 3383 ant
1139 3321 1259 3382 veritati
1279 3339 1367 3400 repn-

246 3429 374 3503 gnanles
396 3430 449 3486 sut
471 3441 595 3504 prorsus
618 3426 708 3496 leves,
731 3426 761 3485 in
785 3425 950 3503 Hermippo
973 3423 1125 3484 laudando
1148 3443 1266 3502 semper
1290 3424 1365 3483 ratio

248 3529 333 3588 nobis
357 3534 387 3590 et
402 3528 556 3606 diligentis
579 3529 635 3588 erit
650 3525 820 3589 adhibenda
836 3527 1044 3605 eogitantibus,
1064 3530 1211 3604 qnantum
1227 3527 1368 3588 materiae

247 3636 353 3710 postea
375 3631 479 3708 Gyniei
510 3630 646 3707 malignis
677 3630 873 3707 praebuerint
898 3629 937 3690 ad
965 3629 1083 3691 fabulas
1110 3625 1366 3706 eomponendssl)
1428 3711 1434 3718 ι

334 3851 354 3913 ¹)
372 3851 395 3913 2,
409 3850 449 3900 ss.
475 3850 497 3907 s,
511 3848 568 3899 nu.
595 3849 635 3912 ιι,
647 3849 704 3898 soe.
902 3879 907 3886 .

331 3935 355 3998 ²)
373 3931 453 3986 Seeb.
465 3935 495 3984 et
505 3929 589 3984 Jahn.
607 3929 639 3983 ll.
652 3927 749 3984 Jahrb.
762 3927 781 3980 f.
794 3925 863 3983 Phil.
884 3931 957 3982 1836.
975 3927 1007 3982 T.
1022 3931 1059 3995 17,
1071 3944 1098 3996 p.
1111 3932 1158 3982 159
1167 3943 1208 3996 sq.

333 4021 356 4085 ³)
373 4019 450 4071 Leet.
464 4013 526 4070 Ast.
544 4015 580 4076 Il,
593 4020 616 4068 9.
641 4018 738 4083 ρ..148.

332 4106 354 4168 ⁴)
372 4100 539 4156 Gasehiehte
557 4100 607 4153 dos
627 4099 800 4168 Ursprungs,
823 4099 981 4168 Fortgengs
999 4098 1058 4152 nnd
1075 4096 1196 4152 Verlalls
1213 4097 1263 4152 der
1281 4097 1367 4151 Wiss.

246 4188 275 4242 in
294 4184 406 4242 Grieeh.
424 4202 451 4240 u.
471 4186 548 4242 Rom.
572 4184 594 4253 1,
618 4187 713 4253 p.228.
1315 4205 1316 4208 ¹

332 4276 355 4340 ⁶)
372 4272 389 4326 l.
402 4272 419 4326 l.
438 4289 464 4341 p.
476 4276 518 4325 63.

331 4360 354 4428 ⁶)
372 4355 407 4412 el.
426 4357 559 4414 Brueksr.
586 4356 647 4410 hist.
667 4356 728 4411 erit.
747 4355 814 4425 phil.
834 4355 868 4410 de
886 4359 964 4410 seete
981 4353 1050 4425 Cyn.
1075 4357 1126 4421 53,
1140 4357 1179 4407 10.
