3052 5036
238 393 375 454 28¹

240 563 297 626 καὶ
320 552 449 639 εύθέως
463 563 677 647 περιεφέρετο
700 563 857 644 περδίκια
871 563 927 628 καὶ
949 564 1046 648 χηνία
1062 555 1152 628 ὀπτὰ
1174 563 1228 628 καὶ
1248 558 1359 648 τρύφη

239 660 474 730 πλακούντων.
506 662 545 730 ιδ
569 665 604 730 δὲ
626 669 786 731 τοιοῦτον
810 665 949 732 δεῖπνον
971 664 1003 731 oi
1024 655 1239 751 μὲνᾍττικοὶ
1260 689 1359 751 προς-

238 763 404 854 ηγόρενον
419 760 654 852 ἐπιδόρπισμα,
670 766 703 834 oi
719 769 754 834 δὲ
770 771 905 854 Δωριεῖς
921 763 1094 849 sudeton,
1118 769 1187 834 τῶν
1203 761 1232 832 δ’
1245 762 1360 834 ἄλλων

233 865 406 954 Ἑλλήνων
422 867 453 935 oi
466 874 618 936 πλεῖστοι
631 869 815 938 ἐπίδειπνα.
849 878 1054 940 constituerat
1067 881 1167 939 autem
1180 876 1360 949 Arcesilaus,

222 978 383 1058 rMenippo
406 979 469 1040 fere
492 981 634 1056 aequalis,
664 980 790 1042 medium
817 999 896 1059 quae
919 981 1028 1042 dicitur
1050 979 1239 1042 Academiam
1269 983 1360 1057 atquo

240 1083 375 1160 Diogene
393 1082 513 1143 Laertio
523 1080 545 1156 ¹)
561 1087 685 1144 auclore
701 1089 759 1145 tam
778 1087 842 1145 erat
857 1084 1040 1162 luxuriosus,
1054 1089 1088 1146 ut
1101 1084 1178 1144 alter
1188 1083 1360 1161 Aristippus

241 1186 457 1262 appellaretur:
489 1204 566 1246 unus
596 1187 726 1246 omnium
754 1188 784 1248 in
814 1185 941 1248 maxima
971 1187 1137 1264 aequalium
1165 1185 1361 1246 admiratione

241 1293 305 1348 erut
326 1289 482 1366 gratiaque
506 1290 547 1349 ita
568 1288 693 1349 florebat
721 1294 755 1349 nt
786 1290 834 1349 vel
858 1289 980 1367 lipienri
1010 1288 1154 1348 excitaret
1184 1283 1360 1356 invidiam.²)

241 1392 346 1467 ltaque
366 1409 424 1450 non
441 1391 651 1451 errabimussi
669 1391 751 1452 cibos
767 1389 992 1452 delicatissimos
1007 1390 1175 1467 fragmento
1191 1390 1241 1451 illo
1257 1389 1363 1450 allatos

242 1493 434 1569 respicientes
463 1493 678 1553 eonieeerimus
708 1512 743 1555 eo
775 1492 850 1554 libro
889 1493 939 1570 qui
961 1477 1166 1571 Ἀρκεσίλαος
1200 1491 1364 1567 inscriptus

242 1599 307 1654 erat
335 1595 508 1672 Menippum
547 1613 613 1656 esse
641 1597 792 1657 invectum
823 1615 890 1656 cum
921 1597 951 1656 in
981 1614 1071 1656 cenas
1102 1594 1244 1656 lautiores
1271 1597 1364 1672 atque

242 1698 430 1775 voluptatum
453 1698 631 1775 cupiditates
654 1703 717 1759 tum
740 1700 769 1760 iu
793 1699 937 1776 Aristippi
960 1697 1129 1777 discipulos.

328 1815 463 1876 Alterum
480 1817 612 1894 Menippi
629 1817 734 1895 Cynici
750 1819 858 1878 librum
874 1819 1048 1879 Athenaeus
1066 1821 1114 1894 14,
1127 1819 1189 1879 629
1204 1835 1221 1876 e
1238 1833 1364 1874 comme·

243 1923 340 1978 morat
371 1907 580 1996 Συμπόσιον.
634 1920 680 2006 lbi
716 1939 783 1980 cum
819 1919 857 1980 de
893 1924 958 1981 arte
987 1918 1116 1981 saltandi
1151 1922 1258 1994 agatur
1287 1937 1365 1977 eom·

244 2021 379 2096 pluribus
404 2021 611 2082 saltationibus
634 2023 733 2084 allatis
754 2024 928 2084 Athenaeus
950 2024 991 2105 ita
1013 2022 1126 2102 pergit:
1156 2019 1306 2079 καλεῖται
1329 2012 1368 2078 δέ

244 2140 293 2192 τις
324 2117 380 2182 καὶ
419 2111 503 2200 ἄλλη
534 2109 665 2203 ὄρχησις
701 2111 831 2204 κόσμου
864 2115 1064 2202 ἐκπύρωσις,
1097 2107 1134 2204 ἧς
1163 2106 1367 2202 μνημονεύει

244 2219 422 2295 Μένιππος
452 2209 641 2296 ὃΚυνικός
672 2221 709 2286 ἐν
737 2221 787 2306 τῷ
810 2221 1009 2305 Συμποσίῳ.
1059 2227 1105 2286 Ae
1134 2226 1260 2302 primum
1292 2222 1366 2300 quid

244 2328 300 2388 sibi
316 2330 380 2388 vult
401 2314 531 2407 κόσμον
553 2319 765 2409 ἑκπύρωσιςῬ
798 2330 886 2391 Hand
910 2330 1000 2391 dubie
1014 2329 1114 2390 verbis
1134 2328 1191 2388 iilis
1206 2326 1367 2404 Menippus

245 2430 359 2491 iocatus
381 2436 427 2492 est
449 2432 497 2491 vel
518 2432 555 2492 de
577 2433 721 2493 Heracliti
744 2433 866 2509 Ephesii
889 2431 954 2509 vel,
983 2430 1015 2490 id
1043 2430 1125 2508 quod
1148 2430 1212 2489 veri
1243 2428 1367 2489 similius

245 2533 373 2607 videtur,
407 2533 444 2594 de
475 2531 640 2596 Stoicorum
665 2534 810 2595 doctrina.
865 2533 983 2594 Etenim
1011 2533 1062 2592 ille
1085 2532 1236 2611 prinpinm
1267 2547 1367 2590 renum

246 2653 311 2696 esse
334 2637 432 2712 ignem
456 2641 538 2696 ratus
561 2627 644 2714 ἔριδι
667 2643 696 2697 et
721 2630 859 2714 πολέμῳ
890 2637 989 2696 omnia
1020 2635 1116 2712 gigni,
1147 2621 1311 2713 ὁμολογίᾳ
1336 2635 1368 2690 et

246 2727 360 2816 εἰρήνῃ
390 2727 583 2818 ἐκπύρωσιν
612 2739 676 2801 fieri
705 2757 881 2817 persuasum
905 2738 1042 2814 habebat,
1071 2755 1138 2796 eum
1160 2735 1237 2796 deus
1261 2734 1367 2795 ludens

247 2843 414 2901 sexcenties
430 2841 573 2902 mundum
589 2845 766 2914 exstrueret,
781 2845 965 2902 exstructum
981 2841 1069 2901 certis
1086 2838 1268 2916 temporibus
1291 2855 1367 2896 eom-
1425 2867 1431 2876 ·

247 2943 368 3004 bureret
390 2943 490 3004 denuo
510 2962 578 3005 eum
599 2941 847 3017 aedificaturusd)
891 2943 1000 3005 Stoicis
1014 2946 1113 3002 autem
1131 2942 1269 3017 placebat
1284 2943 1368 3000 certo

248 3047 389 3122 temporis
420 3047 515 3122 spatio
544 3047 707 3122 praeterito
739 3050 834 3107 Deum
864 3047 928 3106 sive
958 3063 1067 3104 numen
1100 3042 1235 3102 divinum
1265 3057 1368 3103 omues

248 3167 296 3208 res
318 3149 359 3207 ita
381 3148 526 3226 recipere,
548 3154 581 3209 ut
603 3150 702 3210 omnia
724 3149 828 3210 mundi
852 3149 1009 3210 exustione
1031 3147 1215 3222 conflagrare
1237 3146 1370 3205 iuberet:

248 3271 285 3310 cx
308 3253 364 3310 liae
387 3252 543 3312 exustione
565 3253 706 3314 muudum
730 3252 829 3314 denuo
853 3252 924 3311 oriri
954 3249 1035 3310 haud
1067 3250 1109 3309 ite
1132 3247 1304 3308 dissimilem
1333 3245 1370 3323 ei,

249 3355 299 3430 qui
323 3355 391 3430 igue
420 3356 571 3432 periisset,
603 3354 764 3430 denuoque
792 3351 932 3429 incendio
963 3351 1225 3428 conflagraturum.
1268 3349 1370 3426 Atque

249 3457 327 3516 lranc
350 3455 470 3532 quidem
486 3457 632 3516 rationem
655 3454 757 3515 mundi
780 3455 849 3530 igne
864 3453 997 3514 aetherio
1020 3452 1083 3512 sive
1103 3451 1258 3513 exustione
1280 3449 1370 3511 modo

251 3559 430 3621 intereuntis
453 3558 540 3619 modo
573 3558 697 3618 orientis
727 3555 835 3617 festive
866 3555 1035 3616 traduxisse
1058 3555 1177 3616 videtur
1204 3553 1371 3614 saltationis

250 3661 404 3722 cuiusdam
429 3661 557 3737 imagine
581 3677 669 3737 quam
692 3647 821 3737 κόσμον
836 3647 1028 3736 ἐκπύρωσιν
1043 3655 1223 3717 nominabat.
1261 3655 1370 3730 Quam·

251 3783 341 3842 quam
363 3767 521 3840 praeterea
536 3762 610 3821 nihil
634 3761 671 3822 de
693 3762 851 3822 saltatione
872 3761 924 3821 illa
942 3765 1066 3836 eonstat.
1110 3757 1248 3822 Occurrit
1269 3761 1370 3818 autem

251 3865 464 3944 quaerentibus
491 3863 577 3926 nobis
599 3864 681 3941 quod
704 3863 795 3924 luerit
817 3865 1025 3941 argumentum
1047 3861 1197 3941 Symposii
1219 3858 1370 3937 Menippei

251 3967 441 4046 Symposion
465 3967 649 4046 cenciano,
676 3965 808 4046 Menippi
828 3966 976 4028 imitatore
1005 3964 1220 4042 conscriptum,
1248 3963 1279 4022 in
1310 3978 1370 4038 quo

338 4221 346 4254 i

338 4220 570 4369 ²dd’f4d'1utsren.
587 4301 650 4358 adv.
670 4301 758 4358 (tolet.
785 4317 809 4356 c.
822 4305 862 4356 26.

338 4391 360 4456 ³)
377 4387 412 4444 cf.
431 4390 499 4445 Luc.
517 4384 598 4443 Βίων
615 4391 720 4460 πρᾶσις
739 4391 779 4442 14.
