3052 5036
1221 407 1259 470 31

141 585 264 641 secutus
281 581 358 642 male
380 600 398 640 a
419 581 611 658 grammatico
628 581 683 640 isto
705 580 797 640 libros
813 581 945 657 Menippi
969 579 1076 642 satiras
1097 581 1262 659 appellatas

140 701 208 744 sese
237 687 470 760 argumentetur.
525 684 588 742 Iam
619 682 658 743 ad
694 684 789 760 ipsam
821 682 946 743 formam
976 683 1117 744 librorum
1149 684 1261 762 Menip-

140 804 266 862 peorum
290 789 484 847 transeamus.

228 907 261 965 ln
291 907 435 966 Varronis
470 907 561 965 satira
583 907 743 982 Menippea
772 937 815 944 -
844 908 952 966 etenim
986 906 1023 965 ab
1057 907 1113 966 bac
1144 906 1262 982 profici·

141 1008 284 1068 scendum
310 1013 355 1068 est
377 1010 592 1085 quaerentibus
615 1008 713 1085 qualis
737 1008 828 1068 luerit
851 1008 983 1085 Menippi
1006 1009 1098 1085 ipsius
1121 1010 1261 1070 librorum

142 1111 238 1170 torma
260 1139 302 1149 -
324 1129 444 1188 prosam
475 1111 637 1171 orationem
670 1117 700 1170 et
721 1112 825 1186 poesin
850 1112 1026 1187 permixtam
1050 1129 1115 1170 osse
1139 1117 1264 1186 constat.

139 1214 305 1273 Varronem
329 1218 428 1272 antem
451 1214 480 1271 in
504 1213 602 1272 satiris
625 1213 756 1288 Menippi
780 1213 964 1288 potissimum
988 1231 1085 1290 genus
1110 1212 1261 1273 scribendi

141 1316 316 1376 imitandum
339 1316 393 1375 sibi
417 1315 610 1392 proposuisse
643 1333 697 1392 per
728 1333 761 1375 ss
791 1317 889 1391 ipsum
918 1316 1072 1390 probabile
1102 1315 1262 1387 videretur,

141 1419 231 1478 etiam
253 1419 279 1477 si
302 1423 435 1478 veterum
459 1418 627 1478 testimonia
649 1417 797 1478 deessent.
840 1417 937 1479 Aliter
960 1437 1038 1478 unua
1060 1437 1098 1478 ex
1115 1419 1262 1478 veteribus

141 1521 233 1580 sentit
247 1520 468 1594 Quinctiliarrus
486 1525 534 1598 10,
552 1525 579 1597 1,
595 1524 646 1598 95,
668 1521 719 1595 qui
744 1523 777 1579 ut
800 1521 848 1580 lric
862 1522 970 1580 iterum
988 1521 1111 1582 Graecis
1130 1527 1261 1582 saturam

141 1641 267 1699 prorsus
289 1627 481 1698 extorqueret
504 1622 656 1682 eonditum
680 1640 745 1682 esse
768 1622 840 1682 dicit
862 1643 880 1681 a
902 1623 971 1682 Ter.
997 1625 1130 1684 Varrone
1153 1626 1263 1684 satirae

141 1725 217 1786 illud
241 1743 350 1802 genus,
373 1724 455 1802 queri
478 1743 538 1784 non
562 1724 655 1785 solnm
679 1726 841 1786 carminum
864 1727 1023 1803 varietate,
1046 1744 1150 1786 verum
1174 1729 1263 1786 etiam

140 1846 233 1905 presa
265 1830 399 1888 eratione
432 1829 556 1888 mixtum
589 1829 636 1888 ait.
689 1830 735 1887 lta
767 1829 843 1888 enirn
872 1828 1066 1902 Qnirrctiliani
1100 1830 1194 1889 verba
1225 1829 1263 1889 de

142 1931 254 2006 quibus
276 1933 375 2007 agitur
390 1930 619 2007 interpretanda
634 1947 698 1990 esse
714 1948 823 1990 censeo
837 1928 866 2003 Ι).
910 1932 999 1992 Falsa
1014 1936 1112 1992 antem
1129 1931 1264 2006 Quincti·

141 2033 253 2092 lianum
281 2035 433 2094 rettulisse
463 2034 563 2110 paullo
596 2037 665 2092 anta
695 2032 822 2092 ostendi.
867 2035 989 2092 llectius
1011 2033 1149 2094 nimirum
1172 2040 1262 2111 atquc

140 2136 243 2195 varias
272 2136 390 2196 Probus
419 2137 584 2196 Varronem
614 2136 806 2212 Menippeum
838 2152 905 2195 esse
933 2136 1115 2196 nominatum
1144 2135 1216 2196 dicit
1244 2156 1263 2196 a

141 2238 282 2297 societate
305 2239 426 2314 ingenii,
449 2237 531 2315 quod
554 2237 580 2297 is
602 2255 724 2314 quoque
747 2239 906 2313 omnigeno
930 2239 1062 2298 carmine
1084 2239 1190 2298 satiras
1213 2257 1263 2298 ex-

141 2339 288 2416 peliverit.
332 2340 432 2401 Oerte:
465 2340 592 2400 societas
621 2341 725 2416 aliqua
755 2340 867 2415 ingenii
898 2342 928 2400 et
955 2341 984 2399 in
1008 2340 1144 2418 populari
1167 2341 1262 2417 pbilo-

142 2443 250 2520 sophia
272 2443 353 2503 etin
375 2443 439 2504 risu
462 2441 612 2503 movendo
635 2444 713 2502 inter
736 2443 907 2520 Menippum
931 2447 962 2503 et
986 2444 1149 2504 Varronem
1172 2445 1261 2504 inter·
1377 2463 1378 2466 ¹

142 2545 281 2623 cadebat,
317 2552 408 2622 atque
442 2564 506 2606 eam
541 2545 679 2606 nimirum
713 2547 887 2606 societatem
922 2547 1033 2621 ingenii
1067 2546 1263 2624 respicientes

142 2647 277 2708 nonnulli
298 2648 395 2709 Gellio
417 2652 542 2708 auctore
565 2647 671 2707 satiras
693 2648 758 2707 eins
780 2648 972 2726 appellabant
988 2649 1124 2725 Gynieaa.
1168 2649 1263 2710 Multo

143 2754 241 2809 autem
265 2756 311 2811 est
333 2751 452 2811 maioris
475 2750 624 2824 momenti,
647 2749 728 2827 quod
743 2751 843 2810 Probo
865 2755 991 2811 auctore
1012 2770 1105 2829 presa
1126 2754 1262 2813 oratione

142 2871 280 2928 magnam
302 2858 416 2930 partem
439 2852 496 2912 iarn
520 2854 680 2931 Menippus
703 2853 796 2913 libros
823 2854 1058 2931 conscripserat,
1089 2855 1199 2930 quibos
1229 2859 1263 2914 nt

141 2955 271 3031 politura
300 2955 447 3032 quaedam
479 2955 572 3014 maier
593 2955 779 3032 adiceretur,
809 2955 943 3015 carmina
972 2956 1057 3014 varia
1087 2957 1263 3016 inseruerat.

140 3059 241 3134 Atque
271 3059 310 3118 ob
340 3076 404 3118 eam
435 3059 621 3135 potissimum
656 3075 776 3117 causam
802 3059 909 3135 Varro,
942 3057 1024 3134 quod
1052 3076 1138 3118 snum
1167 3059 1262 3134 ipsius

140 3177 237 3235 genus
268 3160 418 3220 scribendi
455 3177 580 3238 prorsus
615 3159 653 3219 ad
677 3161 809 3236 Menippi
845 3159 1070 3220 similitudinem
1106 3161 1262 3237 expressit,

142 3262 303 3340 Menippus
341 3263 405 3321 aive
440 3255 648 3331 Μενίππειος
678 3261 847 3326 nominatus
877 3259 965 3333 ast2).
1025 3264 1133 3323 Possin
1172 3264 1262 3338 igitur

140 3365 232 3440 atquc
262 3383 380 3440 prosam
412 3365 576 3426 orationem
606 3364 783 3439 permixtam
813 3362 906 3424 tuisse
937 3366 967 3424 ia
999 3365 1132 3442 Menippi
1163 3365 1262 3425 satiris

141 3484 178 3525 cx
200 3465 375 3542 fragmentis
396 3466 581 3543 potissimam
603 3467 704 3542 qualia
726 3471 846 3526 exstant
871 3466 1014 3526 Varronis
1035 3467 1261 3545 Menippearum

140 3570 297 3629 satirarum
328 3568 485 3628 concludo.
537 3567 721 3629 Confirmant
749 3571 847 3627 entem
878 3568 968 3628 Probi
999 3567 1141 3628 iudicium
1171 3569 1262 3645 plane

140 3689 201 3732 nen
230 3671 326 3732 solnm
356 3672 392 3731 A.
412 3670 515 3732 eslius
535 3671 634 3747 11,1s
656 3670 720 3730 aive
744 3669 914 3729 Macrobius
944 3673 997 3732 sat
1012 3672 1044 3748 l,
1066 3674 1123 3747 11,
1152 3673 1262 3747 quibus

139 3773 311 3835 auctoribus
342 3774 380 3834 M.
408 3776 502 3834 Varro
525 3773 659 3851 Menippi
684 3771 776 3832 libros
797 3772 828 3831 in
851 3773 950 3832 satiris
973 3773 1095 3851 Cynicis
1116 3775 1180 3835 aive
1202 3775 1262 3834 lle

139 3878 257 3956 nippeis
278 3876 389 3936 dicitur
409 3875 577 3936 aemulatus
598 3893 673 3954 esse,
696 3892 800 3936 verum
822 3874 912 3934 etiam
934 3874 998 3952 ipse
1020 3877 1117 3936 Varro
1139 3895 1186 3953 ap.
1201 3876 1261 3938 Oic

139 4025 344 4036 ι--ι-

227 4088 301 4175 1111.
319 4106 419 4162 Rbein.
437 4105 508 4162 llus.
532 4069 572 4174 24,
587 4109 643 4161 110.
679 4107 772 4162 Riese.
798 4107 845 4160 ll.
869 4121 896 4174 p.
910 4110 934 4159 7.
969 4103 1111 4160 Welcker:
1135 4105 1262 4175 'l'becgn

139 4194 246 4264 proleg.
263 4193 366 4250 Xelll.

225 4299 249 4363 ²)
265 4295 301 4350 cl.
324 4294 406 4350 Prob.
428 4294 446 4348 l.
463 4310 486 4348 e.
527 4291 632 4348 Athen.
657 4297 687 4360 1,
716 4309 743 4362 p.
759 4297 839 4348 tete.
875 4291 983 4348 Arnob.
1001 4293 1065 4346 adv.
1084 4296 1158 4360 gant.
1177 4293 1261 4358 e,23.

138 4378 296 4451 Symmacb.
309 4381 391 4450 epist.
411 4382 485 4447 1,11.
509 4379 637 4433 Diomed.
655 4395 682 4447 p.
694 4380 753 4432 311.
772 4378 879 4432 Charis.
898 4394 925 4446 p.
939 4380 992 4430 118.
1011 4375 1132 4445 Eutycb.
1149 4391 1176 4444 p.
1187 4381 1262 4430 2l68.
