3052 5036
278 391 316 454 18

277 565 414 626 humanis
445 565 614 643 studiisque
646 519 796 626 hominum
827 568 913 628 vanis
942 567 1090 645 despectis
1120 589 1223 630 necem
1252 571 1308 632 slbl
1334 573 1397 650 ipse

275 669 429 729 conscivit

359 787 454 847 Venio
477 805 557 847 nuno
579 785 618 846 ad
641 804 739 847 mores
765 791 795 847 ct
817 788 1034 866 philosophiam
1058 791 1201 869 Menippi.
1244 793 1397 868 Diogenes

273 891 413 951 Laertius
424 887 446 963 ¹)
478 890 554 949 nihil
585 890 642 949 nisi
673 890 852 965 Cynicorum
884 892 1102 969 philosophiam
1135 912 1201 954 cum
1231 894 1397 971 professum

276 1012 342 1054 esse
365 992 469 1069 refert,
491 997 581 1069 atque
612 991 691 1051 idem
724 991 932 1067 aLuciauoll
956 980 1060 1054 Κύων
1089 1001 1119 1057 et
1148 996 1185 1056 ab
1207 997 1363 1059 Athenaeo
1373 994 1397 1069 3)

274 1082 420 1166 Κυνικὸς
435 1096 614 1156 nominatur.
658 1096 728 1156 Fuit
748 1099 848 1155 autem
864 1095 1023 1174 insignis⁴)
1043 1099 1123 1159 inter
1138 1101 1266 1178 Cynicos
1281 1101 1397 1178 priscos

273 1200 351 1276 illos,
374 1198 483 1275 quibus
505 1198 631 1273 primum
655 1198 795 1274 placebat
817 1187 877 1256 τὸν
906 1187 1044 1277 λογικὸν
1076 1196 1132 1259 καὶ
1162 1192 1224 1260 τὸν
1252 1191 1397 1277 φυσικὸν

272 1291 382 1360 τόπον
411 1307 606 1378 περιαιρεῖν,
647 1288 742 1377 μόνῳ
773 1292 808 1358 di
837 1296 1015 1380 ιιραρέχειν
1045 1300 1094 1381 τῷ
1124 1287 1250 1383 ἠθικῷ,
1289 1303 1397 1364 deinde

271 1391 421 1482 αὐτάρκη
444 1392 507 1480 τὴν
532 1389 654 1480 doctrin
677 1390 761 1459 εἶναι
784 1391 869 1479 πρὸς
891 1389 1110 1481 εὐδαιμονίαν
1131 1393 1273 1484 μηδενὸς
1294 1421 1397 1484 προς-

272 1500 434 1584 δεαμίνην
465 1489 518 1562 ὅτι
547 1493 591 1584 μὴ
621 1492 829 1582 Σωκράτους
852 1494 998 1582 copenga)
1046 1507 1152 1583 ltaque
1181 1525 1248 1566 cum
1270 1507 1396 1584 simplici

272 1612 302 1667 et
323 1609 404 1667 victu
434 1607 521 1666 iaoile
543 1605 668 1682 parabili
692 1605 835 1666 utendum
867 1623 936 1667 esse
958 1608 1111 1686 donarant,
1138 1609 1244 1669 sobriis
1277 1609 1397 1670 albariis

271 1710 468 1770 vescebantur
497 1707 670 1786 palliolique
699 1709 879 1770 incedebant
909 1715 939 1769 et
966 1709 1093 1782 divitias,
1127 1711 1259 1786 gloriam,
1291 1711 1396 1770 nobili-

270 1817 360 1873 tatem
399 1815 624 1872 contemnentes
633 1808 658 1883 ⁶)
698 1829 734 1871 eo
775 1813 900 1889 propius
937 1813 975 1872 ad
1012 1811 1136 1873 deornm
1172 1812 1395 1875 similitudinem

271 1914 417 1974 accedero
441 1913 496 1974 sibi
518 1913 709 1990 videbantur,
730 1931 790 1990 quo
813 1914 1005 1990 paucioribus
1030 1915 1208 1991 indigerent
1251 1914 1311 1976 Sed
1333 1936 1395 1977 non

270 2017 366 2078 solum
389 2017 620 2078 contemnebant
649 2017 707 2093 ipsi
736 2024 877 2077 externas
908 2035 977 2095 ress
1000 2035 1104 2078 verum
1135 2017 1396 2079 vehementissime

270 2119 490 2179 invehebantur
511 2121 541 2178 in
565 2137 617 2178 eos
640 2120 692 2195 qni
714 2119 772 2177 illis
794 2119 884 2179 robus
915 2118 1117 2196 indulgerent.
1161 2121 1277 2181 Etenim
1302 2121 1395 2180 cavil-

269 2221 348 2282 landi
371 2227 403 2282 et
432 2220 589 2280 deridendi
612 2219 744 2280 studium
768 2221 894 2280 maxime
917 2221 1070 2298 proprium
1098 2221 1190 2282 fuisse
1213 2222 1394 2300 cynicorum

270 2329 402 2386 constat:
432 2323 606 2384 mordebant
638 2323 681 2383 illi
710 2327 744 2383 ut
774 2339 877 2402 canes,
906 2325 948 2384 ita
976 2327 1009 2384 nt
1037 2329 1137 2384 essent
1165 2325 1217 2401 qul
1245 2325 1324 2384 hane
1354 2325 1394 2384 ob

269 2441 388 2484 causam
418 2410 520 2494 κύνας
543 2425 592 2484 vel
621 2413 783 2494 κυνικοὺς
807 2441 858 2484 eos
874 2426 1042 2502 appellator
1066 2443 1132 2486 csse
1148 2425 1291 2486 dicerent.
1328 2427 1393 2486 Iam

268 2529 299 2587 iu
322 2527 530 2586 Antisthenen
553 2526 601 2585 cui
632 2541 796 2602 cognomen
820 2531 885 2587 erat
902 2514 1098 2586 Ἁπλοκύων
1119 2528 1177 2588 hoe
1208 2529 1393 2605 epigramma

268 2629 381 2691 sactum
403 2626 604 2700 inveniturllz

375 2737 438 2807 Τὸν
459 2742 535 2821 βίον
556 2733 644 2828 ἦσθα
667 2737 769 2820 κύων,
783 2733 997 2821 Ἀντίσθενες,
1020 2731 1084 2808 ὦδε
1107 2739 1267 2824 πεφυκώς

362 2837 453 2921 ‘tagre
477 2843 591 2908 δακεῖν
613 2845 756 2930 κραδίην
779 2841 930 2930 ῥήμασιν,
953 2837 995 2909 oe’
1018 2840 1186 2928 στόμασιν.
1290 2915 1294 2924 .

269 2976 300 3028 et
330 2971 482 3047 Diogenes
513 2970 551 3030 ab
582 2965 757 3031 Alexandro
789 2970 992 3047 interrogatus
1024 2989 1083 3047 qna
1116 2970 1153 3032 de
1185 2989 1277 3032 cansa
1307 2973 1390 3032 canis

268 3077 438 3146 vocaretur,
462 3074 542 3150 quod
566 3074 611 3151 iis,
632 3074 738 3150 inquit,
761 3071 900 3131 blandior
923 3075 974 3150 qui
998 3072 1080 3149 dant,
1101 3073 1137 3132 iis
1152 3091 1225 3132 vero
1251 3075 1303 3150 qui
1329 3093 1389 3135 non

268 3175 343 3235 dant
365 3175 495 3255 oblatro,
525 3176 617 3237 malos
647 3179 746 3236 autem
779 3170 942 3250 mor·deo.⁸)
986 3176 1112 3235 Praeter
1141 3193 1193 3236 eos
1215 3180 1314 3236 autem
1338 3178 1389 3254 qni

271 3296 344 3356 opes
359 3281 390 3338 et
401 3278 530 3339 honores
546 3277 729 3358 appetebant
742 3278 877 3354 inprimis
887 3277 1082 3353 philosophos
1098 3281 1190 3354 atquc
1204 3277 1388 3355 potissimum

269 3379 390 3456 quidem
421 3378 596 3439 dialecticos
626 3384 656 3439 et
685 3381 828 3455 physicos
858 3378 1059 3438 traducebant
1080 3382 1111 3438 et
1133 3379 1203 3438 deos
1225 3381 1388 3458 populares

267 3481 384 3542 facetiis
407 3479 659 3557 perstringebant
702 3479 802 3555 Atque
831 3478 1089 3540 mordacissimum
1119 3482 1205 3557 quasi
1236 3481 1388 3558 vitupera-

265 3587 359 3642 torem
389 3589 420 3642 et
448 3581 668 3642 acerbissimum
699 3581 901 3641 cavillatorem
931 3581 1023 3642 luisse
1046 3583 1221 3660 Menippum
1253 3602 1319 3643 cum
1349 3603 1387 3644 ex

353 3785 374 3847 1)
392 3785 415 3846 o,
434 3783 474 3833 aa.

352 3869 374 3929 ²>
392 3861 440 3927 Δίς
459 3863 573 3932 Καθηγ.
585 3865 626 3916 33.
655 3861 783 3928 Νεκυομ.
806 3867 826 3915 l.
855 3861 935 3916 hlort.
954 3863 1025 3917 Dial.
1049 3868 1106 3931 Ι,1.
1129 3867 1153 3930 2,
1168 3868 1189 3918 1.
1212 3865 1253 3932 21,
1268 3869 1289 3918 t.
1308 3869 1350 3933 22,
1361 3871 1384 3920 3.

350 3953 373 4018 ³)
394 3953 468 4018 l,32.
498 3951 608 4018 14,629.
638 3951 748 4009 14,664.

350 4039 373 4102 ⁴)
391 4033 426 4089 cl.
445 4035 526 4103 Diog.
544 4036 575 4088 L.
593 4038 617 4101 6,
630 4037 673 4088 96.

349 4125 371 4184 ⁶)
389 4120 424 4175 cf.
442 4120 524 4189 Diog.
541 4122 572 4174 L.
597 4123 685 4186 6163
703 4124 732 4174 et
750 4123 825 4186 6,11.

349 4208 372 4275 ο)
389 4204 425 4261 cl.
443 4205 523 4274 Diog.
541 4207 572 4260 L.
596 4209 621 4273 6,
637 4209 694 4259 165.

348 4294 371 4357 ⁷)
388 4306 433 4361 ap.
451 4291 570 4346 eundem
588 4296 612 4356 6,
628 4294 666 4344 19.

347 4377 517 4445 omum
