3052 5036
279 447 320 511 22

280 629 363 685 tuum
386 643 453 685 eum
478 625 558 702 apud
582 625 694 686 inferos
717 624 918 702 disputantem
942 624 1027 686 linxit
1049 643 1115 685 curm
1138 625 1322 706 philosophis
1344 629 1403 688 iam
1519 625 1520 710 J

279 728 330 787 diu
365 730 497 788 mortuis.
548 729 701 805 spatiatur
729 729 770 788 ibi
798 717 901 806 μόνος
930 725 1001 788 cciv
1024 717 1139 789 ἄλλων
1162 725 1302 808 ysrael)
1332 735 1363 792 et
1383 751 1405 792 a
1519 735 1520 806 f

279 829 454 892 Philodamo
476 831 655 909 philosopho
677 831 798 892 iubetur
821 816 1015 891 ἀποθέσθαι
1043 822 1106 912 τὴν
1127 824 1324 913 ἐλευθερίαν
1346 827 1404 892 καὶ
1519 809 1520 840 ¹

280 926 471 1012 παρρησίαν
492 927 549 991 καὶ
570 923 610 992 τὸ
634 921 769 993 ἄλυπον
790 928 846 992 καὶ
868 924 908 992 τὸ
930 939 1087 1012 γενναῖον
1109 929 1164 992 καὶ
1179 924 1242 994 τὸν
1262 929 1404 1013 γέλωτα.
1519 913 1520 958 ³

280 1036 366 1098 Laeti
387 1039 478 1112 atque
500 1036 609 1097 hilares
631 1039 753 1114 praeter·
776 1037 940 1113 Diogenem
963 1039 1018 1098 soli
1040 1039 1190 1116 sapientes
1220 1038 1262 1098 illi
1291 1043 1405 1115 septem

280 1156 298 1197 a
327 1139 470 1217 Menippo
495 1139 536 1198 ibi
571 1137 801 1213 inveniunturi)
831 1143 861 1200 ct
890 1140 1121 1216 praedicantur:
1154 1144 1271 1202 ceteros
1300 1159 1406 1202 omues

280 1242 377 1318 carpit
407 1241 553 1302 maledico
584 1243 682 1303 dente.
726 1245 833 1319 Neque
864 1244 960 1303 minus
988 1244 1067 1320 apud
1090 1242 1257 1306 Lucianum
1279 1243 1407 1304 insultat

280 1344 310 1402 in
323 1345 561 1421 corruptissimos
578 1348 669 1422 atque
683 1346 876 1422 pravissimos
891 1347 958 1406 illos
974 1347 1179 1424 philosophos,
1195 1347 1247 1424 qui
1261 1346 1407 1424 aequales

282 1449 368 1505 erant
380 1445 505 1506 lanciani
526 1446 629 1524 ipsius.
674 1449 713 1507 lli
735 1447 870 1524 profecto
885 1449 996 1508 nullam
1020 1449 1108 1508 allam
1125 1449 1162 1509 ob
1178 1465 1299 1509 cansam
1314 1467 1407 1526 quam

281 1547 363 1624 quod
383 1549 441 1607 iam
456 1553 527 1610 ante
542 1568 568 1610 a.
584 1549 648 1611 iere
664 1551 761 1612 0000
777 1551 935 1628 Menippus
958 1549 1051 1610 libere
1073 1555 1103 1610 et
1126 1551 1272 1610 audacter
1286 1555 1407 1612 senten-

280 1652 351 1710 tiam
381 1669 464 1711 suam
495 1652 595 1713 dicere
627 1657 657 1713 et
686 1652 849 1714 defendere
872 1657 902 1713 et
923 1653 1044 1731 praeter
1071 1659 1185 1714 ceteros
1207 1653 1408 1731 philosophos

281 1771 354 1812 suae
382 1754 489 1814 aetatis
511 1755 638 1815 illudere
667 1773 758 1816 ausus
781 1760 857 1828 erat,
889 1756 1032 1816 societate
1062 1756 1192 1833 quadam
1223 1760 1253 1816 et
1282 1755 1408 1817 loedere

281 1873 348 1914 eum
379 1855 433 1915 sibi
462 1857 598 1916 adiunxit
629 1877 726 1935 neque
758 1861 903 1936 aptiorem
935 1863 1190 1936 propugnatorem
1215 1861 1268 1918 aut
1290 1859 1406 1918 sosium

281 1958 416 2018 invenire
444 1963 563 2036 poterat
593 1960 690 2037 isqui
714 1960 791 2020 idem
822 1961 991 2038 spectabat,
1020 1961 1196 2037 praesertim
1220 1979 1286 2021 com
1310 1961 1405 2021 multo

281 2061 375 2120 maior
398 2063 521 2122 materia
544 2065 616 2122 tunc
632 2069 710 2123 esset
733 2067 763 2123 et
786 2081 875 2123 causa
899 2063 1063 2124 deridendi.
1107 2065 1223 2123 Etenim
1242 2081 1293 2124 eos
1309 2061 1406 2141 philo-

279 2265 367 2337 vitiis,
391 2265 549 2344 avaritiae,
571 2267 795 2344 simulatationi,
826 2265 992 2344 adulterio,
1022 2267 1089 2327 aliis
1112 2267 1228 2328 deditos
1252 2268 1407 2344 multoque

278 2369 428 2444 turpiores
457 2368 550 2428 fuisse
581 2389 669 2446 quam
701 2371 833 2447 Menippl
864 2371 1005 2447 aequales
1035 2371 1113 2430 inter
1144 2389 1245 2430 omnes
1279 2373 1407 2431 constat·

279 2471 433 2547 Pietatem,
455 2471 671 2543 abstinentiam,
695 2471 861 2531 doctrinam
885 2472 1059 2532 simulantes
1078 2473 1242 2551 discipulos
1256 2491 1322 2533 sese
1338 2491 1406 2534 esse

279 2573 446 2650 priscorum
484 2573 599 2634 illorum
640 2574 887 2651 philosophorum
927 2576 1133 2636 ostentabant:
1173 2573 1275 2635 habitu
1312 2578 1405 2652 atque

281 2674 419 2752 captione
443 2675 614 2753 stultitiam,
636 2677 813 2756 vanitatem,
841 2676 994 2737 libidinem
1018 2677 1205 2752 detegebant.
1249 2677 1348 2754 Atque
1371 2678 1404 2736 in

279 2773 505 2853 Necyomantea
528 2781 557 2838 et
568 2779 794 2857 Icaromeuippo
807 2780 964 2857 Menippus
986 2780 1133 2839 insultans
1155 2781 1185 2838 in
1208 2779 1404 2856 philosophos

278 2880 346 2940 illos
376 2880 527 2940 inducitur
553 2900 572 2940 a
598 2881 749 2941 Lucieno:
780 2889 933 2958 nunquam
963 2881 1004 2941 lbi
1035 2885 1067 2941 ut
1095 2880 1126 2940 in
1159 2881 1247 2940 Mort.
1269 2881 1404 2957 Dialogis

280 2985 417 3043 auctores
450 2983 507 3061 ipsi
547 2984 733 3061 singularum
768 2987 916 3044 sectarum
951 2987 1219 3044 commemorantur
1252 2989 1304 3044 aut
1336 3001 1403 3059 per-

279 3084 480 3161 stringuntur:
503 3085 612 3146 dieitur
632 3086 671 3145 ibi
695 3085 732 3146 de
748 3089 810 3146 toto
827 3085 932 3146 ordine
948 3085 1125 3162 Stoicorum,
1147 3085 1402 3158 Academicorum,

279 3188 509 3265 Epicureorum,
539 3184 849 3264 Peripateticorum,³)
882 3193 973 3265 atque
995 3189 1036 3246 ita
1059 3185 1177 3264 quidem
1201 3191 1235 3248 ut
1257 3192 1404 3265 appareat

280 3287 339 3349 dici
361 3290 398 3350 de
421 3289 593 3366 depravatis
609 3290 665 3350 illis
681 3289 835 3349 ordinibus
851 3290 955 3366 quales
971 3293 1057 3349 eraut
1068 3289 1194 3350 Luciaui
1208 3290 1402 3368 temporibus.

279 3393 313 3452 ln
336 3392 563 3469 lcaromenippo
587 3410 610 3450 c.
628 3395 667 3453 16
691 3391 864 3453 nominatim
888 3391 1096 3469 vituperantur
1123 3411 1141 3451 a
1164 3391 1304 3472 Menippo
1327 3393 1402 3453 Her-

280 3491 418 3554 modorus
440 3494 614 3572 Epicureus,
637 3494 819 3572 Agathocles
841 3491 967 3572 Stoicus,
989 3491 1173 3571 Herophilus
1196 3495 1340 3572 Cynicum:
1363 3494 1402 3554 de

280 3596 388 3674 quibus
418 3615 596 3674 quamquam
627 3595 700 3656 nibil
732 3600 848 3657 constat
879 3601 978 3656 tamen
1010 3597 1171 3657 verisimile
1193 3600 1238 3657 est
1260 3598 1402 3675 aequales

278 3717 331 3760 eos
353 3699 446 3760 luisse
460 3699 587 3760 Luciani
610 3699 717 3759 ceteris
739 3698 925 3778 turpitudine
948 3704 1037 3776 atque
1060 3699 1186 3760 avaritia
1205 3703 1400 3777 praestantes.

280 3801 400 3880 Cynicis
421 3800 541 3879 quidem
570 3803 628 3864 iam
652 3803 826 3880 Menippum
854 3803 981 3862 illusisse
1010 3819 1069 3863 non
1092 3797 1247 3878 probabile
1270 3801 1400 3863 videtur:

279 3904 365 3964 aliter
393 3923 441 3965 res
470 3922 502 3964 se
531 3903 661 3965 habebat
691 3904 817 3965 Luciani
849 3907 946 3965 aetate
968 3923 1029 3983 qua
1050 3905 1106 3966 iam
1135 3905 1191 3982 ipsi
1214 3904 1318 3982 Cynici
1341 3923 1400 3966 non

280 4007 376 4067 minus
409 4005 525 4068 ridendi
558 4011 644 4067 erant
677 3999 765 4083 quam
799 4007 906 4084 reliqui
939 4006 1118 4084 philosophi.
1167 4007 1276 4068 Vivum
1309 4007 1400 4084 igitur

367 4257 388 4322 1)
404 4253 442 4309 io.
463 4259 502 4323 ro,
517 4257 555 4309 ro.

364 4341 387 4406 2)
403 4337 483 4394 Mort.
502 4338 572 4394 Dial.
592 4342 633 4409 20,
646 4344 670 4394 4.

365 4427 387 4495 ³)
403 4425 518 4483 lcarom.
537 4429 577 4480 29.
